@article{10.10072F978-1-4020-5587-4_1,
    title = {{10.1007{\%}2F978-1-4020-5587-4{\_}1}}
}

@book{Armstrong1989,
    title = {{A Combinatorial Theory of Possibility}},
    year = {1989},
    author = {Armstrong, D. M.},
    publisher = {Cambridge University Press},
    url = {https://philpapers.org/rec/ARMACT-3}
}

@book{Loewer2015,
    title = {{A Companion to David Lewis}},
    year = {2015},
    editor = {Loewer, Barry and Schaffer, Jonathan},
    publisher = {Wiley-Blackwell}
}

@book{Jacquette2006,
    title = {{A Companion to Philosophical Logic}},
    year = {2006},
    editor = {Jacquette, Dale},
    month = {1},
    publisher = {Blackwell Publishing Ltd},
    url = {http://doi.wiley.com/10.1002/9780470996751},
    address = {Oxford, UK},
    isbn = {9780470996751},
    doi = {10.1002/9780470996751}
}

@book{Russell1937,
    title = {{A Critical Exposition of the Philosophy of Leibniz}},
    year = {1937},
    author = {Russell, Bertrand},
    publisher = {Longwood Press}
}

@article{Vahabi2009,
    title = {{A Critical Review of Strategic Conflict Theory and Socio-political Instability Models}},
    year = {2009},
    author = {Vahabi, Mehrdad},
    number = {6},
    month = {12},
    pages = {817--858},
    volume = {Vol. 119},
    publisher = {Dalloz},
    url = {http://www.cairn.info/resume.php?ID_ARTICLE=REDP_196_0817},
    issn = {0373-2630},
    language = {fr}
}

@book{Cook2009a,
    title = {{A Dictionary of Philosophical Logic}},
    year = {2009},
    author = {Cook, Roy T.},
    url = {http://books.google.co.jp/books/about/A_Dictionary_of_Philosophical_Logic.html?id=g0buAAAAMAAJ&pgis=1},
    isbn = {0748625593}
}

@article{Treisman1980,
    title = {{A feature-integration theory of attention}},
    year = {1980},
    journal = {Cognitive psychology},
    author = {Treisman, AM and Gelade, G},
    url = {http://www.sciencedirect.com/science/article/pii/0010028580900055}
}

@book{McCleary,
    title = {{A First course in Topology: Continuity and Dimension}},
    author = {McCleary, John}
}

@article{Achourioti2011,
    title = {{A Formalization of Kant's Transcendental Logic}},
    year = {2011},
    journal = {Review of Symbolic Logic},
    author = {Achourioti, Theodora and van Lambalgen, Michiel},
    number = {2},
    pages = {254--289},
    volume = {4}
}

@article{Klein1993,
    title = {{A game-theoretic rendering of promises and threats}},
    year = {1993},
    journal = {Journal of Economic Behavior {\&} Organization},
    author = {Klein, DB and O'Flaherty, B},
    url = {http://www.sciencedirect.com/science/article/pii/016726819390054S}
}

@article{Divers1999,
    title = {{A genuine realist theory of advanced modalizing}},
    year = {1999},
    journal = {Mind},
    author = {Divers, John},
    number = {430},
    month = {4},
    pages = {217--240},
    volume = {108},
    url = {https://academic.oup.com/mind/article-lookup/doi/10.1093/mind/108.430.217},
    doi = {10.1093/mind/108.430.217}
}

@book{Rosenfeld1988,
    title = {{A History of Non-Euclidean Geometry}},
    year = {1988},
    author = {Rosenfeld, B. A.},
    series = {Studies in the History of Mathematics and Physical Sciences},
    volume = {12},
    publisher = {Springer New York},
    url = {http://link.springer.com/10.1007/978-1-4419-8680-1},
    address = {New York, NY},
    isbn = {978-1-4612-6449-1},
    doi = {10.1007/978-1-4419-8680-1}
}

@phdthesis{Eudaly1989,
    title = {{A Kantian Critique of David Lewis's Modal Realism}},
    year = {1989},
    author = {Eudaly, Thomas Doty},
    url = {https://philpapers.org/rec/EUDAKC},
    school = {University of Illinois at Urbana-Champaign }
}

@article{Gade2007,
    title = {{A Logical Critique of Kant's Theory of Knowledge}},
    year = {2007},
    journal = {Res Cogitans},
    author = {Gade, CBN},
    number = {1},
    pages = {145--167},
    volume = {4},
    url = {http://static.sdu.dk/mediafiles/Files/Om_SDU/Institutter/Ifpr/rescogitans/vol4/RC   Gade.pdf}
}

@article{Koyama2010,
    title = {{A Metaontology-based Objection to Modal Realism}},
    year = {2010},
    journal = {Kagaku Tetsugaku},
    author = {Koyama, Tora},
    number = {1},
    pages = {79--90},
    volume = {43},
    url = {http://joi.jlc.jst.go.jp/JST.JSTAGE/jpssj/43.1_79?from=CrossRef},
    doi = {10.4216/jpssj.43.1{\_}79}
}

@book{Bod2013,
    title = {{A New History of the Humanities: The Search for Principles and Patterns from Antiquity to the Present}},
    year = {2013},
    author = {Bod, Rens},
    pages = {384},
    publisher = {Oxford University Press},
    address = {Oxford, UK}
}

@article{Naylor1986,
    title = {{A note on David Lewis's realism about possible worlds}},
    year = {1986},
    journal = {Analysis},
    author = {Naylor, M. B.},
    number = {1},
    month = {1},
    pages = {28--29},
    volume = {46},
    url = {https://academic.oup.com/analysis/article-lookup/doi/10.1093/analys/46.1.28},
    doi = {10.1093/analys/46.1.28}
}

@article{Burch1991,
    title = {{A Peircean Reduction Thesis: The Foundations of Topological Logic (Lubbock, TX}},
    year = {1991},
    author = {Burch, R},
    url = {https://scholar.google.com/scholar?hl=en&as_sdt=0,5&q=Burch,+Robert,+1991,+A+Peircean+Reduction+Thesis%3A+Foundations+of+Topological+Logic,+Lubbock,+TX%3A+Texas+Tech+University+Press.#0}
}

@book{Bennett2003,
    title = {{A Philosophical Guide to Conditionals}},
    year = {2003},
    author = {Bennett, Jonathan},
    publisher = {Oxford University Press},
    url = {http://philpapers.org/rec/BENAPG},
    address = {Oxford}
}

@book{Melnyk2003,
    title = {{A Physicalist Manifesto: Thoroughly Modern Materialism}},
    year = {2003},
    author = {Melnyk, Andrew},
    publisher = {Cambridge University Press},
    url = {http://philreview.dukejournals.org/cgi/doi/10.1215/00318108-114-1-125},
    isbn = {0019-0365},
    doi = {10.1215/00318108-114-1-125},
    issn = {0031-8108}
}

@book{Cook2009,
    title = {{A Reader's Guide to Wallace Stevens}},
    year = {2009},
    author = {Cook, Eleanor},
    pages = {373},
    url = {http://books.google.com/books?id=OKdr0LqW3nsC},
    isbn = {1-4008-2764-7}
}

@book{Lowe2002,
    title = {{A Survey of Metaphysics}},
    year = {2002},
    author = {Lowe, E. Jonathan},
    pages = {402},
    publisher = {Oxford University Press},
    url = {https://global.oup.com/academic/product/a-survey-of-metaphysics-9780198752530?cc=jp&lang=en&},
    isbn = {9780198752530}
}

@article{Stalnaker1968,
    title = {{A Theory of Conditionals}},
    year = {1968},
    journal = {Americal Philosophical Quarterly},
    author = {Stalnaker, Robert C},
    number = {112},
    pages = {98--112},
    volume = {98}
}

@article{Fehr1999,
    title = {{A theory of fairness, competition, and cooperation}},
    year = {1999},
    journal = {Quarterly journal of Economics},
    author = {Fehr, E and Schmidt, KM},
    url = {http://www.jstor.org/stable/2586885}
}

@article{Segerberg1984,
    title = {{A topological logic of action}},
    year = {1984},
    journal = {Studia Logica},
    author = {Segerberg, Krister},
    number = {4},
    pages = {415--419},
    volume = {43},
    publisher = {Kluwer Academic Publishers}
}

@article{Ellis1978,
    title = {{A unified theory of conditionals}},
    year = {1978},
    journal = {Journal of Philosophical Logic},
    author = {Ellis, B},
    url = {http://www.springerlink.com/index/r2k463476170806x.pdf}
}

@techreport{hobb92,
    title = {{A User's Manual for MetaPost}},
    year = {1992},
    author = {Hobby, John D},
    number = {162},
    month = {4},
    institution = {AT{\&}T Bell Laboratories},
    address = {Murray Hill, New Jersey}
}

@article{Bricker2006a,
    title = {{Absolute Actuality and the Plurality of Worlds}},
    year = {2006},
    journal = {Philosophical Perspectives},
    author = {Bricker, Phillip},
    number = {1},
    month = {12},
    pages = {41--76},
    volume = {20},
    url = {http://doi.wiley.com/10.1111/j.1520-8583.2006.00102.x},
    doi = {10.1111/j.1520-8583.2006.00102.x}
}

@book{Zalta1983,
    title = {{Abstract Object: An Introduction to Axiomatic Metaphysics}},
    year = {1983},
    author = {Zalta, Edward N.},
    publisher = {D. Reidel Publishing Company},
    address = {Dordrecht},
    isbn = {9789400969827},
    doi = {10.1007/978-94-009-6980-3}
}

@article{SEP_AbstractObjects_Rosen2017,
    title = {{Abstract Objects}},
    year = {2017},
    journal = {Stanford Encyclopedia of Philosophy},
    author = {Rosen, Gideon},
    issn = {1095-5054}
}

@article{Hazen1996,
    title = {{Actualism Again}},
    year = {1996},
    journal = {Philosophical Studies: An International Journal for Philosophy in the Analytic Tradition,},
    author = {Hazen, A. P.},
    number = {2/3},
    pages = {155--181},
    volume = {84}
}

@article{Jago2016a,
    title = {{Advanced Modalizing Problems}},
    year = {2016},
    journal = {Mind},
    author = {Jago, Mark},
    number = {499},
    month = {7},
    pages = {627--642},
    volume = {125},
    url = {https://academic.oup.com/mind/article-lookup/doi/10.1093/mind/fzv172},
    doi = {10.1093/mind/fzv172}
}

@book{Meillassoux2009,
    title = {{After finitude : An Essay on the Necessity of Contingency}},
    year = {2009},
    author = {Meillassoux, Quentin},
    pages = {160},
    publisher = {Continuum},
    isbn = {1441173838}
}

@book{Harrison2010,
    title = {{After Modernity: Archaeological Approaches to the Contemporary Past}},
    year = {2010},
    author = {Harrison, Rodney and Schofield, John},
    publisher = {Oxford University Press},
    address = {Oxford},
    isbn = {978–0–19–954807–1}
}

@article{Perszyk1993,
    title = {{Against Extended Modal Realism}},
    year = {1993},
    journal = {Journal of Philosophical Logic},
    author = {Perszyk, Kenneth J.},
    number = {2},
    pages = {205--214},
    volume = {22},
    publisher = {Springer},
    url = {https://www.jstor.org/stable/30226497},
    doi = {10.2307/30226497},
    keywords = {Contrafactuals, Dicta, Logical antecedents, Logical space, Modal realism, Ordinary language philosophy, Paraconsistent logics, Philosophical realism, Quantification, Truth}
}

@article{Skiles2014,
    title = {{Against Grounding Necessitarianism}},
    year = {2014},
    journal = {Erkenntnis},
    author = {Skiles, Alexander},
    month = {9},
    url = {http://link.springer.com/10.1007/s10670-014-9669-y},
    doi = {10.1007/s10670-014-9669-y},
    issn = {0165-0106}
}

@article{Jago2013,
    title = {{Against Yagisawa's Modal Realism}},
    year = {2013},
    journal = {Analysis},
    author = {Jago, Mark},
    number = {1},
    pages = {10--17},
    volume = {73}
}

@book{Horty2001,
    title = {{Agency and deontic logic}},
    year = {2001},
    author = {Horty, John},
    pages = {208},
    publisher = {Oxford University Press},
    url = {ftp://128.8.120.31/.snapshot/hourly.5/pub/horty/b-root.ps},
    address = {Oxford}
}

@article{Divers2004,
    title = {{Agnosticism About Other Worlds: A New Antirealist Programme in Modality}},
    year = {2004},
    journal = {Philosophy and Phenomenological Research},
    author = {Divers, John},
    number = {3},
    month = {11},
    pages = {660--685},
    volume = {69},
    url = {http://doi.wiley.com/10.1111/j.1933-1592.2004.tb00522.x},
    doi = {10.1111/j.1933-1592.2004.tb00522.x}
}

@article{Turrini2012,
    title = {{Agreements as norms}},
    year = {2012},
    journal = {Deontic Logic in Computer Science},
    author = {Turrini, P},
    url = {http://link.springer.com/chapter/10.1007/978-3-642-31570-1_3}
}

@article{CONRADIE2006,
    title = {{ALGORITHMIC CORRESPONDENCE AND COMPLETENESS IN MODAL LOGIC. I. THE CORE ALGORITHM SQEMA}},
    year = {2006},
    journal = {Logical Methods in Computer Science},
    author = {CONRADIE, WILLEM and GORANKO, VALENTIN and VAKARELOV, AND DIMITER},
    number = {1:5},
    pages = {1--26},
    volume = {2},
    url = {http://www.springerlink.com/content/73u206325462755j},
    isbn = {3540311394},
    doi = {10.2168/LMCS-2},
    issn = {18605974},
    keywords = {canonicity, completeness., first-order correspondence, modal logic, second-order quantifier elimination}
}

@article{Alur1997,
    title = {{Alternating-time temporal logic}},
    year = {1997},
    journal = {Proceedings 38th Annual Symposium on Foundations of Computer Science},
    author = {Alur, R. and Henzinger, T.A. and Kupferman, O.},
    isbn = {0-8186-8197-7},
    doi = {10.1109/SFCS.1997.646098},
    issn = {0272-5428}
}

@article{Forrest1984,
    title = {{An argument against David Lewis' theory of possible worlds}},
    year = {1984},
    journal = {Australasian Journal of Philosophy},
    author = {Forrest, Peter and Armstrong, D.M.},
    number = {2},
    month = {6},
    pages = {164--168},
    volume = {62},
    url = {http://www.tandfonline.com/doi/abs/10.1080/00048408412341351},
    doi = {10.1080/00048408412341351},
    issn = {0004-8402}
}

@article{Shavell1993,
    title = {{An economic analysis of threats and their illegality: Blackmail, extortion, and robbery}},
    year = {1993},
    journal = {University of Pennsylvania Law Review},
    author = {Shavell, S},
    url = {http://www.jstor.org/stable/3312577}
}

@book{Hume2000,
    title = {{An enquiry concerning human understanding: A critical edition}},
    year = {2000},
    author = {Hume, D and Beauchamp, TL},
    url = {http://books.google.com/books?hl=en&lr=&id=3Vp-0Y3Yz_cC&oi=fnd&pg=PR9&dq=hume++concering+human+kwowledge&ots=nHFUowMc3C&sig=D_1RXhGZ2U2HzF4Jqu_nV4LEhPE}
}

@article{Schelling1956,
    title = {{An essay on bargaining}},
    year = {1956},
    journal = {The American Economic Review},
    author = {Schelling, TC},
    url = {http://www.jstor.org/stable/1805498}
}

@article{Ellis1998,
    title = {{An essentialist perspective on the problem of induction}},
    year = {1998},
    journal = {Principia},
    author = {Ellis, B},
    url = {http://search.proquest.com/openview/a7a72b3e95dd32dffbe673538072e693/1?pq-origsite=gscholar}
}

@article{Divers2014a,
    title = {{An inconvenient modal truth}},
    year = {2014},
    journal = {Analysis},
    author = {Divers, John},
    number = {4},
    month = {10},
    pages = {575--577},
    volume = {74},
    url = {https://academic.oup.com/analysis/article-lookup/doi/10.1093/analys/anu082},
    doi = {10.1093/analys/anu082}
}

@phdthesis{brow88,
    title = {{An Interactive Environment for Literate Programming}},
    year = {1988},
    author = {Brown, Marcus E},
    month = {8},
    pages = {ix + 102},
    school = {Texas A{\&}M University},
    address = {TX, USA}
}

@article{Trogdon2013,
    title = {{An introduction to grounding}},
    year = {2013},
    author = {Trogdon, K},
    url = {http://philpapers.org/rec/TROGAO}
}

@book{Grayling2001,
    title = {{An Introduction to Philosophical Logic}},
    year = {2001},
    author = {Grayling, Anthony C.},
    pages = {352},
    publisher = {Wiley},
    url = {http://books.google.com/books?id=xGHMFdt7w30C&pgis=1},
    isbn = {0631199829}
}

@article{Losonsky1988,
    title = {{An Ontological Argument for Modal Realism}},
    year = {1988},
    journal = {Grazer Philosophische Studien},
    author = {Losonsky, Michael},
    pages = {165--177},
    volume = {31},
    url = {http://www.pdcnet.org/oom/service?url_ver=Z39.88-2004&rft_val_fmt=&rft.imuse_id=gps_1988_0031_0165_0177&svc_id=info:www.pdcnet.org/collection},
    doi = {10.5840/gps19883131}
}

@book{Buchli2001,
    title = {{Archaeologies of the Contemporary Past: Archaeologies of the Contemporary Past}},
    year = {2001},
    booktitle = {Routledge},
    editor = {Buchli, Victor and Lucas, Gavin},
    publisher = {Routledge},
    url = {http://doi.wiley.com/10.1525/aa.2003.105.1.182},
    address = {London},
    isbn = {0415232783},
    doi = {10.1525/aa.2003.105.1.182},
    issn = {0002-7294},
    pmid = {3112859}
}

@article{Lewis1981,
    title = {{Are we free to break the laws?}},
    year = {1981},
    journal = {Theoria},
    author = {Lewis, David},
    url = {http://onlinelibrary.wiley.com/doi/10.1111/j.1755-2567.1981.tb00473.x/abstract}
}

@book{rich60,
    title = {{Arms and {\{}I{\}}nsecurity}},
    year = {1960},
    author = {Richardson, L F},
    pages = {200--253},
    publisher = {Boxwood},
    address = {Pittsburg}
}

@article{Gauthier1994,
    title = {{Assure and threaten}},
    year = {1994},
    journal = {Ethics},
    author = {Gauthier, D},
    url = {http://www.jstor.org/stable/2382214}
}

@article{Pauly2007-PAUACJ,
    title = {{Axiomatizing Collective Judgment Sets in a Minimal Logical Language}},
    year = {2007},
    journal = {Synthese},
    author = {Pauly, Marc},
    number = {2},
    pages = {233--250},
    volume = {158},
    publisher = {Springer}
}

@incollection{Battilotti1999,
    title = {{Basic Logic and the Cube of its Extensions}},
    year = {1999},
    booktitle = {Logic and Foundations of Mathematics: The Tenth International Congress of Logic, Methodology and Philosophy of Science, Florence 1995},
    author = {Battilotti, Giulia and Sambin, Giovanni},
    editor = {Cantini, Andrea and Casari, Ettore and Manari, Pierluigi},
    pages = {165--186},
    publisher = {Springer-Science+Business Media, B.V.}
}

@incollection{Bull1984,
    title = {{Basic Modal Logic}},
    year = {1984},
    booktitle = {Handbook of Philosophical Logic},
    author = {Bull, Robert and Segerberg, Krister},
    pages = {1--88},
    publisher = {Springer Netherlands},
    url = {http://www.springerlink.com/index/10.1007/978-94-009-6259-0_1},
    address = {Dordrecht},
    doi = {10.1007/978-94-009-6259-0{\_}1}
}

@incollection{Burgess1984,
    title = {{Basic Tense Logic}},
    year = {1984},
    booktitle = {Handbook of Philosophical Logic},
    author = {Burgess, John P.},
    pages = {89--133},
    publisher = {Springer Netherlands},
    url = {http://www.springerlink.com/index/10.1007/978-94-009-6259-0_2},
    address = {Dordrecht},
    doi = {10.1007/978-94-009-6259-0{\_}2}
}

@book{Lemmon1987,
    title = {{Beginning Logic}},
    year = {1987},
    author = {Lemmon, E. J.},
    edition = {2},
    publisher = {Chapman and Hall}
}

@book{Slote1989,
    title = {{Beyond Optimizing: A Study of Rational Choice}},
    year = {1989},
    author = {Slote, Michael A.},
    publisher = {Harvard University Press},
    url = {http://philpapers.org/rec/SLOBOA}
}

@article{Divers2011,
    title = {{Book Review: Worlds and Individuals, Possible and Otherwise}},
    year = {2011},
    journal = {Mind},
    author = {Divers, John},
    number = {478},
    pages = {573--574},
    volume = {120},
    url = {http://doi.wiley.com/10.1111/j.2153-960X.2011.00535.x},
    doi = {10.1111/j.2153-960X.2011.00535.x},
    issn = {21539596}
}

@article{Benovsky2005,
    title = {{Branching versus divergent possible worlds}},
    year = {2005},
    journal = {Kriterion: Journal of Philosophy },
    author = {Benovsky, Jiri},
    number = {1},
    pages = {12--20},
    volume = {19},
    url = {https://philpapers.org/rec/BENBVD}
}

@article{Eaton1981,
    title = {{Capital, commitment, and entry equilibrium}},
    year = {1981},
    journal = {The Bell Journal of Economics},
    author = {Eaton, BC and Lipsey, RG},
    url = {http://www.jstor.org/stable/3003574}
}

@book{Heller1961_Catch22,
    title = {{Catch-22, a novel}},
    year = {1961},
    author = {Heller, Joseph},
    publisher = {The Modern Library},
    address = {New York}
}

@book{Landry2017,
    title = {{Categories for the Working Philosopher}},
    year = {2017},
    editor = {Landry, Elaine},
    publisher = {Oxford University Press},
    isbn = {978–0–19–874899–1}
}

@article{Rehder2003,
    title = {{Categorization as causal reasoning}},
    year = {2003},
    journal = {Cognitive Science},
    author = {Rehder, B},
    url = {http://www.sciencedirect.com/science/article/pii/S0364021303000685}
}

@article{Skyrms1980,
    title = {{Causal necessity: a pragmatic investigation of the necessity of laws}},
    year = {1980},
    author = {Skyrms, B},
    url = {http://philpapers.org/rec/SKYCNA}
}

@book{Pearl2009Causality,
    title = {{Causality}},
    year = {2009},
    author = {Pearl, J},
    url = {https://books.google.nl/books?hl=en&lr=&id=f4nuexsNVZIC&oi=fnd&pg=PR1&ots=y1GVWtAAtg&sig=hmOtBdHsPNU4wYxd-nqdpfOepqQ}
}

@book{Collins2004,
    title = {{Causation and counterfactuals}},
    year = {2004},
    author = {Collins, JD and Hall, EJ},
    url = {https://books.google.nl/books?hl=en&lr=&id=JJL3xRNrCpUC&oi=fnd&pg=PA1&ots=_dWFx1MdTh&sig=VgKBl9P38Qahd7FMhBenOKPiDLI}
}

@book{Shand2006,
    title = {{Central Works of Philosophy Volume 5: The Twentieth Century: Quine and After}},
    year = {2006},
    editor = {Shand, John},
    publisher = {Acumen},
    address = {OXford},
    isbn = {978-1-84465-020-0}
}

@incollection{sep-realism-sem-challenge,
    title = {{Challenges to Metaphysical Realism}},
    year = {2016},
    booktitle = {The Stanford Encyclopedia of Philosophy},
    author = {Khlentzos, Drew},
    editor = {Zalta, Edward N},
    edition = {Winter 201},
    publisher = {Metaphysics Research Lab, Stanford University},
    howpublished = {{\textbackslash}url{\{}https://plato.stanford.edu/archives/win2016/entries/realism-sem-challenge/{\}}}
}

@incollection{Thomason1984,
    title = {{Combinations of Tense and Modality}},
    year = {1984},
    booktitle = {Handbook of Philosophical Logic},
    author = {Thomason, Richmond H.},
    pages = {135--165},
    publisher = {Springer Netherlands},
    url = {http://www.springerlink.com/index/10.1007/978-94-009-6259-0_3},
    address = {Dordrecht},
    doi = {10.1007/978-94-009-6259-0{\_}3}
}

@incollection{Kurucz2007,
    title = {{Combining Modal Logics}},
    year = {2007},
    booktitle = {Handbook of Modal Logic},
    author = {Kurucz, Agi},
    pages = {869--924},
    url = {http://www.sciencedirect.com/science/article/pii/S1570246407800188},
    doi = {10.1016/S1570-2464(07)80018-8}
}

@article{Vanderschraaf2001,
    title = {{Common Knowledge}},
    year = {2001},
    author = {Vanderschraaf, Peter and Sillari, Giacomo},
    month = {8},
    url = {http://plato.stanford.edu/entries/common-knowledge/}
}

@article{McKenna2004,
    title = {{Compatibilism}},
    year = {2004},
    author = {McKenna, Michael and Coates, D. Justin},
    month = {4},
    url = {http://plato.stanford.edu/entries/compatibilism/}
}

@book{chur90,
    title = {{Complex {\{}V{\}}ariables and {\{}A{\}}pplications}},
    year = {1990},
    author = {Churchill, R V and Brown, J W},
    edition = {5th},
    pages = {215--253},
    publisher = {McGraw-Hill}
}

@book{Gardenfors2000,
    title = {{Conceptual Spaces: The Geometry of Thought}},
    year = {2000},
    author = {G{\"{a}}rdenfors, Peter},
    pages = {317},
    publisher = {The MIT Press},
    isbn = {9780262071994}
}

@incollection{Bricker2008,
    title = {{Concrete possible worlds}},
    year = {2008},
    booktitle = {Contemporary Debates in Metaphysics},
    author = {Bricker, Phillip},
    editor = {{Theodore Sider} and {John Hawthorne} and {Dean W. Zimmerman}},
    pages = {111--134},
    url = {https://philpapers.org/rec/BRICPW}
}

@article{Nute1984,
    title = {{Conditional logic}},
    year = {1984},
    journal = {Handbook of philosophical logic},
    author = {Nute, D},
    url = {http://link.springer.com/chapter/10.1007/978-94-009-6259-0_8}
}

@article{Koslicki2004-KOSCAS,
    title = {{Constitution and Similarity}},
    year = {2004},
    journal = {Philosophical Studies},
    author = {Koslicki, Kathrin},
    number = {3},
    pages = {327--363},
    volume = {117},
    publisher = {Springer}
}

@book{benh93,
    title = {{Constraint {\{}L{\}}ogic {\{}P{\}}rogramming, {\{}S{\}}elected {\{}R{\}}esearch}},
    year = {1993},
    editor = {Benhamou, Frédéric and Colmerauer, Alain},
    publisher = {MIT Press}
}

@article{Endo2018,
    title = {{Contemporary Debates on Possible Worlds}},
    year = {2018},
    journal = {Japanese Student Research Notes of Philosophy of Science},
    author = {Endo, Shimpei},
    number = {1},
    pages = {135--144},
    volume = {1},
    url = {http://pssj.info/jsrnps/contents/index.html}
}

@inproceedings{weis94,
    title = {{Contemporary {\{}P{\}}roblems in {\{}S{\}}tatistical {\{}P{\}}hysics}},
    year = {1994},
    booktitle = {Contemporary {\{}P{\}}roblems in {\{}S{\}}tatistical {\{}P{\}}hysics},
    editor = {Weiss, G H},
    publisher = {SIAM, Philadelphia}
}

@incollection{VanBenthem1984,
    title = {{Correspondence Theory}},
    year = {1984},
    booktitle = {Handbook of Philosophical Logic},
    author = {Van Benthem, Johan},
    pages = {167--247},
    publisher = {Springer Netherlands},
    url = {http://link.springer.com/10.1007/978-94-009-6259-0_4},
    address = {Dordrecht},
    doi = {10.1007/978-94-009-6259-0{\_}4}
}

@article{Loewenstein2000,
    title = {{Costs and benefits of health-and retirement-related choice}},
    year = {2000},
    journal = {Social Security and Medicare Individual vs Collective {\ldots}},
    author = {Loewenstein, George},
    url = {https://scholar.google.com/scholar?q=loewenstein+2000+costs+and+benefits+of+choice&btnG=&hl=ja&as_sdt=0%2C5#4}
}

@book{Steen1978,
    title = {{Counterexamples in Topology}},
    year = {1978},
    author = {Steen, L.A. and Seebach, J.A. Jr.},
    edition = {2},
    pages = {XII, 244},
    publisher = {Springer-Verlag New York},
    address = {New York},
    isbn = {978-0-387-90312-5},
    doi = {10.1007/978-1-4612-6290-9}
}

@article{Lewis1979,
    title = {{Counterfactual Dependence and Time's Arrow}},
    year = {1979},
    journal = {No{\^{u}}s},
    author = {Lewis, David},
    number = {4},
    pages = {455--476},
    volume = {13},
    url = {http://www.jstor.org/stable/2215339},
    doi = {10.2307/2215339}
}

@book{Lewis1973a,
    title = {{Counterfactuals}},
    year = {1973},
    author = {Lewis, David K},
    pages = {156},
    publisher = {Basil Blackwell},
    isbn = {0631224955},
    pmid = {3606090}
}

@article{Lewis1968a,
    title = {{Counterpart Theory and Quantified Modal Logic}},
    year = {1968},
    journal = {Journal of Philosophy},
    author = {Lewis, David K.},
    number = {5},
    pages = {113--126},
    volume = {65},
    doi = {10.2307/3655750}
}

@article{Laan2004,
    title = {{Counterpossibles and similarity}},
    year = {2004},
    journal = {Lewisian themes},
    author = {Laan, D Vander},
    url = {https://books.google.nl/books?hl=en&lr=&id=UkVjRxX5lTgC&oi=fnd&pg=PA258&ots=nReo73o05n&sig=ApK2_rE2GzTmlbo1owTuFbx1tqQ}
}

@incollection{Forrest2001,
    title = {{Counting the cost of modal realism}},
    year = {2001},
    booktitle = {Reality and Humean Supervenience: Essays on the Philosophy of David Lewis},
    author = {Forrest, Peter},
    editor = {{Gerhard Preyer}},
    pages = {93--103},
    publisher = {Rowman {\&} Littlefield},
    url = {https://philpapers.org/rec/FORCTC}
}

@book{jarl88,
    title = {{CP {\{}V{\}}iolation}},
    year = {1988},
    author = {Jarlskog, C},
    publisher = {World Scientific},
    address = {Singapore}
}

@article{Fine1975,
    title = {{Critical Notice}},
    year = {1975},
    journal = {Mind},
    author = {Fine, Kit},
    number = {335},
    pages = {451--458},
    volume = {84}
}

@article{Cameron2010_rev_Yagisawa,
    title = {{Critical Notice: Worlds and Individuals, Possible and Otherwise}},
    year = {2010},
    journal = {Analysis Reviews},
    author = {Cameron, Ross},
    number = {4},
    pages = {661--684},
    volume = {70},
    doi = {10.1093/analys/anq049}
}

@book{Kant1998,
    title = {{Critique of Pure Reason}},
    year = {1998},
    author = {Kant, Immanuel},
    editor = {Guyer, Paul and Wood, Allen W.},
    publisher = {Cambridge University Press},
    address = {Cambridge},
    isbn = {0 521 35402 1}
}

@book{Nolan2005,
    title = {{David Lewis}},
    year = {2005},
    author = {Nolan, Daniel Patrick},
    pages = {250},
    publisher = {McGill-Queen's University Press},
    isbn = {0773529314}
}

@misc{Weatherson2016,
    title = {{David Lewis}},
    year = {2016},
    booktitle = {Stanford Encyclopedia of Philosophy},
    author = {Weatherson, Brian},
    edition = {Winter 201},
    publisher = {The Metaphysics Research Lab Center for the Study of Language and Information, Stanford University},
    isbn = {0-87548-354-2},
    doi = {10.1111/1467-9973.00225},
    issn = {1095-5054}
}

@incollection{Bricker2006,
    title = {{David Lewis: On the Plurality of Worlds}},
    year = {2006},
    booktitle = {Central Works of Philosophy, Vol. 5: The Twentieth Century: Quine and After},
    author = {Bricker, Phillip},
    editor = {{John Shand}},
    publisher = {Acumen Publishing },
    url = {https://philpapers.org/rec/BRIDLO}
}

@article{Bartha2014,
    title = {{Decisions in branching time}},
    year = {2014},
    journal = {Nuel Belnap on Indeterminism and Free Action},
    author = {Bartha, P},
    url = {http://link.springer.com/chapter/10.1007/978-3-319-01754-9_2}
}

@article{Maguire2013,
    title = {{Defending David Lewis’s modal reduction}},
    year = {2013},
    journal = {Philosophical Studies},
    author = {Maguire, Barry},
    number = {1},
    month = {10},
    pages = {129--147},
    volume = {166},
    url = {http://link.springer.com/10.1007/s11098-012-0024-3},
    doi = {10.1007/s11098-012-0024-3}
}

@incollection{Aqvist1984,
    title = {{Deontic Logic}},
    year = {1984},
    booktitle = {Handbook of Philosophical Logic},
    author = {{\AA}qvist, Lennart},
    pages = {605--714},
    publisher = {Springer Netherlands},
    url = {http://www.springerlink.com/index/10.1007/978-94-009-6259-0_11},
    address = {Dordrecht},
    doi = {10.1007/978-94-009-6259-0{\_}11}
}

@book{Agotnes2012,
    title = {{Deontic Logic in Computer Science}},
    year = {2012},
    editor = {{\AA}gotnes, Thomas and Broersen, Jan and Elgesem, Dag},
    series = {Lecture Notes in Computer Science},
    volume = {7393},
    publisher = {Springer Berlin Heidelberg},
    url = {http://www.springerlink.com/index/10.1007/978-3-642-31570-1},
    address = {Berlin, Heidelberg},
    isbn = {978-3-642-31569-5},
    doi = {10.1007/978-3-642-31570-1}
}

@book{Sloman2002,
    title = {{Diagrams in the mind?}},
    year = {2002},
    author = {Sloman, A},
    url = {http://link.springer.com/chapter/10.1007/978-1-4471-0109-3_1}
}

@book{Nadler2002,
    title = {{Dimension Theory : An Introduction with Exercises}},
    year = {2002},
    author = {Nadler, Sam B.},
    publisher = {Sociedad Matemática Mexicana},
    url = {https://books.google.co.jp/books/about/Dimension_Theory.html?id=PjWaPQAACAAJ&redir_esc=y},
    isbn = {9703200265}
}

@article{Goldblatt1980,
    title = {{Diodorean modality in Minkowski spacetime}},
    year = {1980},
    journal = {Studia Logica},
    author = {Goldblatt, Robert},
    number = {2-3},
    pages = {219--236},
    volume = {39},
    url = {http://link.springer.com/10.1007/BF00370321},
    doi = {10.1007/BF00370321},
    issn = {0039-3215}
}

@article{Jackson1988,
    title = {{Discerning threats and opportunities}},
    year = {1988},
    journal = {Administrative Science Quarterly},
    author = {Jackson, SE and Dutton, JE},
    url = {http://www.jstor.org/stable/2392714}
}

@article{Zeckhauser1989,
    title = {{Distinguished Fellow: Reflections on Thomas Schelling}},
    year = {1989},
    journal = {Journal of Economic Perspectives},
    author = {Zeckhauser, Richard},
    number = {2},
    month = {5},
    pages = {153--164},
    volume = {3},
    url = {https://www.aeaweb.org/articles.php?doi=10.1257/jep.3.2.153},
    doi = {10.1257/jep.3.2.153},
    issn = {0895-3309}
}

@article{Miller1989,
    title = {{Dog bites man: A defence of modal realism}},
    year = {1989},
    journal = {Australasian Journal of Philosophy},
    author = {Miller, Richard B.},
    number = {4},
    month = {12},
    pages = {476--478},
    volume = {67},
    url = {http://www.tandfonline.com/doi/abs/10.1080/00048408912344001},
    doi = {10.1080/00048408912344001}
}

@article{Miller1989DogRealism,
    title = {{Dog bites man: A defence of modal realism}},
    year = {1989},
    journal = {Australasian Journal of Philosophy},
    author = {Miller, Richard B},
    number = {4},
    pages = {476--478},
    volume = {67},
    url = {http://www.tandfonline.com/doi/abs/10.1080/00048408912344001},
    doi = {10.1080/00048408912344001}
}

@book{VanDitmarsch2007,
    title = {{Dynamic Epistemic Logic}},
    year = {2007},
    author = {Van Ditmarsch, Hans and Van Der Hoek, Wiebe and Kooi, Barteld},
    number = {2-4},
    pages = {307},
    volume = {337},
    url = {http://www.amazon.com/Dynamic-Epistemic-Logic-Synthese-Library/dp/1402069081%5Cnhttp://www.springerlink.com/content/k77452/?p=c6b2a58946324431aa271a5ba0e2b6a5&pi=0%5Cnhttp://www.springerlink.com/index/10.1007/978-1-4020-5839-4},
    isbn = {978-1-4020-5838-7},
    doi = {10.1007/978-1-4020-5839-4},
    issn = {00918369},
    pmid = {14651172},
    arxivId = {arXiv:1011.1669v3}
}

@inproceedings{Shunan2016,
    title = {{Dynamic Epistemic Logic with Topological Semantics}},
    year = {2016},
    booktitle = {The 2016 3rd International Conference on Systems and Infomatics (ICSAI 2016)},
    author = {Shunan, He and Jiahong, Guo},
    pages = {1154--1159},
    isbn = {9781509055210}
}

@incollection{Harel1984,
    title = {{Dynamic Logic}},
    year = {1984},
    booktitle = {Handbook of Philosophical Logic},
    author = {Harel, David},
    pages = {497--604},
    publisher = {Springer Netherlands},
    url = {http://www.springerlink.com/index/10.1007/978-94-009-6259-0_10},
    address = {Dordrecht},
    doi = {10.1007/978-94-009-6259-0{\_}10}
}

@article{Greenspan2000,
    title = {{Emotional Strategies and Rationality}},
    year = {2000},
    journal = {Ethics},
    author = {Greenspan, Patricia},
    number = {3},
    month = {4},
    pages = {469--487},
    volume = {110},
    publisher = {The University of Chicago Press},
    url = {http://www.jstor.org/stable/10.1086/233320},
    doi = {10.1086/233320},
    issn = {0014-1704},
    language = {en}
}

@book{Greenspan2014,
    title = {{Emotions and reasons: An inquiry into emotional justification}},
    year = {2014},
    author = {Greenspan, PS},
    url = {https://books.google.com/books?hl=en&lr=&id=RJHsAgAAQBAJ&oi=fnd&pg=PP1&dq=emotions+and+reasons+inquiry+into+&ots=RuXz2fRg1D&sig=6vLjyHcbJU8HWZ0B_Hor-p3foPc}
}

@book{Unger2014,
    title = {{Empty Ideas: A Critique of Analytic Philosophy}},
    year = {2014},
    author = {Unger, Peter},
    publisher = {Oxford University Press}
}

@misc{Zalta2015,
    title = {{Epistemic Foundations of Game Theory}},
    year = {2015},
    booktitle = {Stanford Encyclopedia of Philosophy},
    author = {Zalta, Edward N and Nodelman, Uri and Allen, Colin and Lanier Anderson, R},
    url = {https://plato.stanford.edu/board.html},
    issn = {1095-5054}
}

@book{Perea2012,
    title = {{Epistemic game theory : reasoning and choice}},
    year = {2012},
    author = {Perea, Andrés.},
    pages = {561},
    publisher = {Cambridge University Press},
    isbn = {9781107401396}
}

@article{Heifetz,
    title = {{Epistemic Game Theory: Incomplete Information}},
    author = {Heifetz, Aviad}
}

@book{Perea2012a,
    title = {{Epistemic Game Theory: Reasoning and choice}},
    year = {2012},
    booktitle = {Epistemic Game Theory: Reasoning and Choice},
    author = {Perea, Andres},
    pages = {561},
    isbn = {9780511844072},
    doi = {10.1017/CBO9780511844072}
}

@article{Bolton2000,
    title = {{ERC: A theory of equity, reciprocity, and competition}},
    year = {2000},
    journal = {American economic review},
    author = {Bolton, GE and Ockenfels, A},
    url = {http://www.jstor.org/stable/117286}
}

@article{Fine1994,
    title = {{Essence and Modality: The Second Philosophical Perspectives Lecture}},
    year = {1994},
    journal = {Philosophical Perspectives},
    author = {Fine, Kit},
    pages = {1},
    volume = {8},
    url = {http://www.jstor.org/stable/2214160?origin=crossref},
    doi = {10.2307/2214160}
}

@article{Koslicki2012,
    title = {{Essence, Necessity, and Explanation}},
    year = {2012},
    author = {Koslicki, K},
    url = {http://philpapers.org/rec/KOSENA/}
}

@book{Putnam2004,
    title = {{Ethics without Ontology}},
    year = {2004},
    author = {Putnam, Hilary},
    publisher = {Harvard University Press}
}

@article{VanBenthem2003,
    title = {{Euclidean Hierarchy in Modal Logic}},
    year = {2003},
    journal = {Studia Logica},
    author = {van Benthem, Johan and Bezhanishvili, Guram and Gehrke, Mai},
    pages = {327--344},
    volume = {75}
}

@article{Vacek2017_ExtendedModalDimensionalism,
    title = {{Extended Modal Dimensionalism}},
    year = {2017},
    journal = {Acta Analytica},
    author = {Vacek, Martin},
    number = {1},
    month = {3},
    pages = {13--28},
    volume = {32},
    url = {http://link.springer.com/10.1007/s12136-016-0297-9},
    doi = {10.1007/s12136-016-0297-9}
}

@article{Belnap2001,
    title = {{Facing the future: agents and choices in our indeterminist world}},
    year = {2001},
    author = {Belnap, ND},
    url = {http://philpapers.org/rec/BELFTF}
}

@article{Kroon2011,
    title = {{Fictionalism in Metaphysics}},
    year = {2011},
    journal = {Philosophy Compass},
    author = {Kroon, Frederick},
    number = {11},
    pages = {786–803},
    volume = {6},
    isbn = {9780199282180},
    doi = {10.1111/j.1747-9991.2011.00442.x},
    pmid = {14154617},
    arxivId = {arXiv:1011.1669v3}
}

@book{Fitting1998,
    title = {{First-Order Modal Logic}},
    year = {1998},
    author = {Fitting, Melvin and Mendelsohn, Richard L},
    edition = {1},
    pages = {XII, 292},
    publisher = {Springer Netherlands},
    isbn = {978-0-7923-5334-8},
    doi = {10.1007/978-94-011-5292-1}
}

@incollection{Ghilardi2007,
    title = {{First-order Modal Logic}},
    year = {2007},
    booktitle = {Handbook of Modal Logic},
    author = {Ghilardi, Silvio},
    chapter = {9},
    pages = {549--620},
    publisher = {Elsevier B.V.}
}

@book{AbbottAbbott2015,
    title = {{Flatland : A Romance of Many Dimensions}},
    year = {2015},
    author = {Abbott Abbott, Edwin.},
    pages = {104},
    publisher = {Princeton University Press},
    isbn = {9780691165554}
}

@article{Lowe1998a,
    title = {{Form without Matter}},
    year = {1998},
    journal = {Ratio},
    author = {Lowe, Edward Jonathan},
    number = {3},
    pages = {214--234},
    volume = {11}
}

@article{Merrill1978,
    title = {{Formalization, possible worlds and the foundations of modal logic}},
    year = {1978},
    journal = {Erkenntnis},
    author = {Merrill, G. H.},
    number = {3},
    pages = {305--327},
    volume = {12},
    url = {http://www.jstor.org/stable/20010609},
    doi = {10.1007/BF00216102}
}

@article{Merrill1978FormalizationLogic,
    title = {{Formalization, possible worlds and the foundations of modal logic}},
    year = {1978},
    journal = {Erkenntnis},
    author = {Merrill, G H},
    number = {3},
    pages = {305--327},
    volume = {12},
    url = {http://www.jstor.org/stable/20010609},
    doi = {10.1007/BF00216102}
}

@book{Sider2001,
    title = {{Four-Dimensionalism}},
    year = {2001},
    booktitle = {The Philosophical Review},
    author = {Sider, Theodore},
    pages = {256},
    publisher = {Clarendon Press},
    url = {http://www.jstor.org/stable/10.2307/2998357},
    isbn = {2001036027},
    doi = {10.2307/2998357},
    issn = {00318108}
}

@article{OConnor2002,
    title = {{Free Will}},
    year = {2002},
    author = {O'Connor, Timothy},
    month = {1},
    url = {http://plato.stanford.edu/entries/freewill/}
}

@article{Lytle2005,
    title = {{Friendly Threats? The Linking of Threats and Promises in Negotiation}},
    year = {2005},
    journal = {The Linking of Threats and Promises in  {\ldots}},
    author = {Lytle, AL and Kopelman, S},
    url = {http://papers.ssrn.com/sol3/papers.cfm?abstract_id=735048}
}

@article{Graham2015,
    title = {{From Four- to Five-dimensionalism}},
    year = {2015},
    journal = {Ratio},
    author = {Graham, Andrew},
    number = {1},
    pages = {14--28},
    volume = {28}
}

@article{Apostel1960-APOGTA,
    title = {{Game theory and the interpretation of deontic logic}},
    year = {1960},
    journal = {Logique Et Analyse},
    author = {Apostel, Leo},
    number = {2},
    pages = {70--90},
    volume = {3},
    publisher = {Association for Symbolic Logic}
}

@article{Rasmusen1994,
    title = {{Games and Information}},
    year = {1994},
    journal = {Cambridge, MA},
    author = {Rasmusen, E and Blackwell, B},
    url = {http://www.ai.rug.nl/~dwedema/projects/Book_review:Games_and_information:_An_introduction_to_Game_Theory_July_2011.pdf}
}

@book{Hovi1998,
    title = {{Games, Threats, and Treaties: Understanding Commitments in International Relations}},
    year = {1998},
    author = {Hovi, Jon},
    url = {https://books.google.nl/books/about/Games_Threats_and_Treaties.html?id=YKSbAAAAMAAJ&pgis=1 http://homepage1.nifty.com/thinkbook/hovi/GamesThreatsTreaties.html#0000},
    isbn = {1855674874}
}

@book{Kelly1955,
    title = {{General Topology}},
    year = {1955},
    author = {Kelly, John L.},
    publisher = {Springer}
}

@book{Pontry,
    title = {{General Topology I: Basic Concepts and Constructions: Dimension Theory}},
    editor = {Pontry, L. S.},
    publisher = {Springer-Verlag}
}

@article{Paseau2006,
    title = {{Genuine Modal Realism and Completeness}},
    year = {2006},
    journal = {Mind},
    author = {Paseau, A.},
    number = {459},
    month = {7},
    pages = {721--730},
    volume = {115},
    url = {https://academic.oup.com/mind/article-lookup/doi/10.1093/mind/fzl721},
    doi = {10.1093/mind/fzl721}
}

@article{Efird2005,
    title = {{Genuine modal realism and the empty world}},
    year = {2005},
    journal = {European Journal of Analytic Philosophy },
    author = {Efird, David},
    number = {1},
    pages = {21--37},
    volume = {1},
    url = {https://philpapers.org/rec/EFRGMR}
}

@article{Divers2003,
    title = {{Genuine Modal Realism Limited}},
    year = {2003},
    journal = {Mind},
    author = {Divers, J.},
    number = {445},
    month = {1},
    pages = {83--86},
    volume = {112},
    url = {https://academic.oup.com/mind/article-lookup/doi/10.1093/mind/112.445.83},
    doi = {10.1093/mind/112.445.83}
}

@article{Divers2006a,
    title = {{Genuine Modal Realism: Still Limited}},
    year = {2006},
    journal = {Mind},
    author = {Divers, J.},
    number = {459},
    month = {7},
    pages = {731--740},
    volume = {115},
    url = {https://academic.oup.com/mind/article-lookup/doi/10.1093/mind/fzl731},
    doi = {10.1093/mind/fzl731}
}

@article{Miller1993GenuineTown,
    title = {{Genuine Modal Realism: Still the only non-circular game in town}},
    year = {1993},
    journal = {Australasian Journal of Philosophy},
    author = {Miller, Richard B},
    number = {2},
    pages = {159--160},
    volume = {71},
    url = {http://www.tandfonline.com/doi/abs/10.1080/00048409312345162},
    doi = {10.1080/00048409312345162}
}

@book{Allen2003,
    title = {{Getting Things Done: The Art of Stress-free Productivity}},
    year = {2003},
    author = {Allen, David},
    publisher = {Penguin Books},
    address = {London},
    isbn = {0670899240}
}

@article{Hale1991,
    title = {{Global Realism without Counterparts}},
    year = {1991},
    journal = {Southwest Philosophy Review},
    author = {Hale, Susan},
    number = {1},
    pages = {81--90},
    volume = {7},
    url = {https://www.pdcnet.org/pdc/bvdb.nsf/purchase?openform&fp=swphilreview&id=swphilreview_1991_0007_0001_0081_0090},
    doi = {10.5840/swphilreview1991718}
}

@article{Raven2015,
    title = {{Ground}},
    year = {2015},
    journal = {Philosophy Compass},
    author = {Raven, Michael J.},
    number = {5},
    month = {5},
    pages = {322--333},
    volume = {10},
    url = {http://doi.wiley.com/10.1111/phc3.12220},
    doi = {10.1111/phc3.12220},
    issn = {17479991}
}

@article{Trogdon2013a,
    title = {{Grounding: Necessary or Contingent?}},
    year = {2013},
    journal = {Pacific Philosophical Quarterly},
    author = {Trogdon, Kelly},
    number = {4},
    month = {12},
    pages = {465--485},
    volume = {94},
    url = {http://doi.wiley.com/10.1111/papq.12009},
    doi = {10.1111/papq.12009},
    issn = {02790750}
}

@article{Fine2012,
    title = {{Guide to ground}},
    year = {2012},
    journal = {Metaphysical grounding: Understanding the structure {\ldots}},
    author = {Fine, Kit},
    url = {https://books.google.com/books?hl=ja&lr=&id=ji1tQifr55MC&oi=fnd&pg=PA37&dq=kit+fine+a+guide+grounding&ots=Zf2gvwOqAy&sig=JuqfeTYSV8NFbJX9EHxnrmMn7yw}
}

@misc{White2004,
    title = {{Handbook of philosophical logic}},
    year = {2004},
    booktitle = {History and Philosophy of Logic},
    author = {White, Graham},
    number = {2},
    pages = {147--152},
    volume = {25},
    isbn = {9781402063237},
    doi = {10.1080/01445340310001636964},
    issn = {0144-5340}
}

@book{Gabbay1984a,
    title = {{Handbook of Philosophical Logic}},
    year = {1984},
    editor = {Gabbay, D. and Guenthner, F.},
    publisher = {Springer Netherlands},
    url = {http://link.springer.com/10.1007/978-94-009-6259-0},
    address = {Dordrecht},
    isbn = {978-94-009-6261-3},
    doi = {10.1007/978-94-009-6259-0}
}

@book{Gabbay1984,
    title = {{Handbook of Philosophical Logic : Volume II: Extensions of Classical Logic}},
    year = {1984},
    author = {Gabbay, D. and Guenthner, F.},
    pages = {788},
    publisher = {Springer Netherlands},
    isbn = {9789400962590}
}

@book{Gabbay,
    title = {{Handbook of Philosophical Logic Volume 3}},
    editor = {Gabbay, Dov M. and Guenthner, F.},
    edition = {2nd}
}

@book{Aiello2007,
    title = {{Handbook of Spatial Logics}},
    year = {2007},
    editor = {Aiello, Marco and Pratt-Hartmann, Ian and van Benthem, Johan},
    pages = {1058},
    publisher = {Springer},
    isbn = {ISBN 978-1-4020-5586-7}
}

@book{2006HandbookCentury,
    title = {{Handbook of the History of Logic: Volume 7 Logic and the Modalities in the Twentieth Century}},
    year = {2006},
    editor = {Gabby, Dov M and Woods, John},
    pages = {720},
    publisher = {Elsevier},
    address = {Amsterdam},
    isbn = {9780444516220}
}

@misc{Bauer1993,
    title = {{How Diagrams can Improve Reasoning}},
    year = {1993},
    booktitle = {Psychological Science},
    author = {Bauer, Malcolm I. and Johnson-Laird, P.N.},
    pages = {372--378},
    volume = {4},
    isbn = {0956-7976},
    doi = {10.1111/j.1467-9280.1993.tb00584.x},
    issn = {0956-7976}
}

@article{1983,
    title = {{How do you maximize expectation value?}},
    year = {1983},
    journal = {No�s},
    author = {Pollock, John L},
    number = {3},
    pages = {409--421},
    volume = {17},
    publisher = {Wiley},
    url = {http://www.jstor.org/stable/2215257},
    issn = {00294624}
}

@article{Swoyer1999,
    title = {{How Ontology Might Be Possible: Explanation and Inference in Metaphysics}},
    year = {1999},
    journal = {Midwest Studies in Philosophy},
    author = {Swoyer, Chris},
    number = {1},
    month = {8},
    pages = {100--131},
    volume = {23},
    url = {http://doi.wiley.com/10.1111/1475-4975.00006},
    doi = {10.1111/1475-4975.00006},
    issn = {0363-6550}
}

@article{Forbus2002,
    title = {{How qualitative spatial reasoning can improve strategy game AIs}},
    year = {2002},
    journal = {IEEE Intelligent Systems},
    author = {Forbus, K.D. and Mahoney, J.V. and Dill, K.},
    volume = {17},
    isbn = {1541-1672 VO  - 17},
    doi = {10.1109/MIS.2002.1024748},
    issn = {1541-1672}
}

@book{Williamson2013,
    title = {{Identity and Discrimination}},
    year = {2013},
    booktitle = {Identity and Discrimination},
    author = {Williamson, Timothy},
    isbn = {9781118432594},
    doi = {10.1002/9781118503591},
    pmid = {1523490}
}

@article{Northoff2012,
    title = {{Immanuel Kant's mind and the brain's resting state}},
    year = {2012},
    journal = {Trends in cognitive sciences},
    author = {Northoff, G},
    url = {http://www.sciencedirect.com/science/article/pii/S1364661312001271}
}

@article{Vacek2016,
    title = {{Impossibilia}},
    year = {2016},
    journal = {Principia},
    author = {Vacek, Martin},
    number = {1},
    pages = {81–97},
    volume = {20},
    doi = {10.5007/1808-1711.2016v20n1p81},
    keywords = {Modal realism, impossible worlds, logical structure., possible worlds}
}

@article{Yagisawa2015,
    title = {{Impossibilia and Modally Tensed Predication}},
    year = {2015},
    journal = {Acta Analytica},
    author = {Yagisawa, Takashi},
    number = {4},
    month = {12},
    pages = {317--323},
    volume = {30},
    publisher = {Springer Netherlands},
    url = {http://link.springer.com/10.1007/s12136-015-0254-z},
    doi = {10.1007/s12136-015-0254-z}
}

@article{Jago2015,
    title = {{Impossible Worlds}},
    year = {2015},
    journal = {Nous},
    author = {Jago, Mark},
    number = {4},
    volume = {49},
    isbn = {0003-2638},
    doi = {10.1111/nous.12051},
    issn = {14680068}
}

@article{Nolan2013,
    title = {{Impossible Worlds}},
    year = {2013},
    journal = {Philosophy Compass},
    author = {Nolan, Daniel P},
    number = {4},
    pages = {360–372},
    volume = {8},
    doi = {10.1111/phc3.12027}
}

@incollection{sep-impossible-worlds,
    title = {{Impossible Worlds}},
    year = {2013},
    booktitle = {The Stanford Encyclopedia of Philosophy},
    author = {Berto, Francesco},
    editor = {Zalta, Edward N},
    edition = {Winter 201},
    publisher = {Metaphysics Research Lab, Stanford University},
    howpublished = {{\textbackslash}url{\{}https://plato.stanford.edu/archives/win2013/entries/impossible-worlds/{\}}}
}

@article{Berto2009,
    title = {{Impossible worlds and propositions: Against the parity thesis}},
    year = {2009},
    journal = {The Philosophical Quarterly},
    author = {Berto, Francesco},
    number = {240},
    month = {6},
    pages = {471--486},
    volume = {60},
    url = {https://academic.oup.com/pq/article-lookup/doi/10.1111/j.1467-9213.2009.627.x},
    doi = {10.1111/j.1467-9213.2009.627.x}
}

@article{Raven2012,
    title = {{In Defence of Ground}},
    year = {2012},
    journal = {Austrarian Journal of Philosophy},
    author = {Raven, Michael J.},
    number = {4},
    pages = {687--701},
    volume = {90},
    url = {http://philpapers.org/rec/RAVIDO}
}

@article{Weber2015,
    title = {{Inconsistent boundaries}},
    year = {2015},
    journal = {Synthese},
    author = {Weber, Zach and Cotnoir, A. J.},
    doi = {10.1007/s11229-014-0614-z},
    issn = {15730964},
    keywords = {Mereology, Paraconsistent logic, Spatial representation}
}

@article{Rabin1993,
    title = {{Incorporating fairness into game theory and economics}},
    year = {1993},
    journal = {The American economic review},
    author = {Rabin, M},
    url = {http://www.jstor.org/stable/2117561}
}

@incollection{Sorensen1994,
    title = {{Infinite Decision Theory}},
    year = {1994},
    booktitle = {Gambling on God: Essays on Pascal's Wager},
    author = {Sorensen, Roy},
    publisher = {Rowman {\&} Littlefield},
    url = {http://artsci.wustl.edu/~rsorense/PAPERS/Infinitedecisiontheory.pdf}
}

@article{Ciardelli2011,
    title = {{Inquisitive Logic}},
    year = {2011},
    journal = {Journal of Philosophical Logic},
    author = {Ciardelli, Ivano and Roelofsen, Floris},
    number = {1},
    pages = {55--94},
    volume = {40},
    isbn = {9781605585604},
    doi = {10.1007/s10992-010-9142-6},
    issn = {00223611},
    keywords = {Inquisitive logic, Inquisitive semantics, Intermediate logics, Intuitionistic logic, Medvedev logic}
}

@book{HandbookHistoricalArcheology2009,
    title = {{International Handbook of Historical Archaeology}},
    year = {2009},
    editor = {Gaimster, David and Majewski, Teresita},
    publisher = {Springer}
}

@article{De2016,
    title = {{Intrinsicality and counterpart theory}},
    year = {2016},
    journal = {Synthese},
    author = {De, Michael},
    number = {8},
    month = {8},
    pages = {2353--2365},
    volume = {193},
    url = {http://link.springer.com/10.1007/s11229-015-0847-5},
    doi = {10.1007/s11229-015-0847-5}
}

@article{Blackwell2001,
    title = {{Introduction Thinking with Diagrams}},
    year = {2001},
    journal = {Thinking with Diagrams},
    author = {Blackwell, AF},
    url = {http://link.springer.com/chapter/10.1007/978-94-017-3524-7_1}
}

@book{Osborne2003,
    title = {{Introduction to Game Theory}},
    year = {2003},
    author = {Osborne, Martin J.},
    publisher = { Oxford University Press}
}

@book{Osborne2003IntroductionTheory,
    title = {{Introduction to Game Theory}},
    year = {2003},
    author = {Osborne, Martin J},
    publisher = {Oxford University Press}
}

@inproceedings{Fish2005,
    title = {{Investigating reasoning with constraint diagrams}},
    year = {2005},
    booktitle = {Electronic Notes in Theoretical Computer Science},
    author = {Fish, Andrew and Flower, Jean},
    pages = {53--69},
    volume = {127},
    doi = {10.1016/j.entcs.2004.08.047},
    issn = {15710661},
    keywords = {Constraint diagrams, Diagrammatic reasoning, Logical inference}
}

@article{Parsons2007,
    title = {{Is Everything A World?}},
    year = {2007},
    journal = {Philosophical Studies},
    author = {Parsons, Josh},
    number = {2},
    month = {4},
    pages = {165--181},
    volume = {134},
    url = {http://link.springer.com/10.1007/s11098-007-9078-z},
    doi = {10.1007/s11098-007-9078-z}
}

@article{Krause2015,
    title = {{Is identity really so fundamental? [Preprint]}},
    year = {2015},
    author = {Krause, D and Arenhart, J R B},
    url = {http://philsci-archive.pitt.edu/id/eprint/11295%5Cnpapers2://publication/uuid/A4510C23-4AD7-415D-8D0C-A06C48445036},
    issn = {<null>}
}

@article{Krause2015IsPreprint,
    title = {{Is identity really so fundamental? [Preprint]}},
    year = {2015},
    author = {Krause, D and Arenhart, J R B},
    url = {http://philsci-archive.pitt.edu/id/eprint/11295%5Cnpapers2://publication/uuid/A4510C23-4AD7-415D-8D0C-A06C48445036},
    issn = {<null>}
}

@article{Linsky1991,
    title = {{Is Lewis a Meinongian?}},
    year = {1991},
    journal = {Australasian Journal of Philosophy},
    author = {Linsky, Bernard and Zalta, Edward N.},
    number = {4},
    month = {12},
    pages = {438--453},
    volume = {69},
    url = {http://www.tandfonline.com/doi/abs/10.1080/00048409112344871},
    doi = {10.1080/00048409112344871}
}

@article{Rosenberg1989,
    title = {{Is Lewis's 'Genuine Modal Realism' Magical Too?}},
    year = {1989},
    journal = {Mind},
    author = {Rosenberg, Alexander},
    number = {391},
    pages = {411--421},
    volume = {98}
}

@article{Loewenstein1999,
    title = {{Is More Chice Always Better?}},
    year = {1999},
    journal = {Social Security Brief},
    author = {Loewenstein, George},
    number = {7},
    url = {http://www.researchgate.net/profile/George_Loewenstein/publication/246551635_Is_More_Choice_Always_Better/links/53ecf12f0cf2981ada11074b.pdf}
}

@incollection{Costreie2008,
    title = {{Is really David Lewis a Realist?}},
    year = {2008},
    booktitle = {Ontology Studies: Cuadernos de Ontolog{\'{i}}a},
    author = {Costreie, Sorin},
    pages = {119--129},
    url = {https://philpapers.org/rec/COSIRD},
    keywords = {actual world, nominalism, possible worlds, realism}
}

@article{Resnik2003,
    title = {{Is the precautionary principle unscientific?}},
    year = {2003},
    journal = {Studies in History and Philosophy of Science Part C: Studies in History and Philosophy of Biological and Biomedical Sciences},
    author = {Resnik, David B.},
    number = {2},
    month = {6},
    pages = {329--344},
    volume = {34},
    url = {http://www.sciencedirect.com/science/article/pii/S1369848602000742},
    doi = {10.1016/S1369-8486(02)00074-2},
    issn = {13698486},
    keywords = {Decision theory, Precautionary principle, Probability, Risk assessment, Risk management, Scientific uncertainty}
}

@article{Gaifman1996,
    title = {{Is the `Bottom-Up' Approach from the Theory of Meaning to Metaphysics Possible?}},
    year = {1996},
    journal = {The Journal of Philosophy},
    author = {Gaifman, Haim},
    number = {8},
    pages = {373--407},
    volume = {93},
    doi = {10.2307/2941035},
    issn = {0022362X}
}

@incollection{Bricker2001,
    title = {{Island Universes and the Analysis of Modality}},
    year = {2001},
    booktitle = {Reality and Humean Supervenience: Essays on the Philosophy of David Lewis},
    author = {Bricker, Phillip},
    editor = {{G. Preyer} and {F. Siebelt}},
    publisher = {Rowman {\&} Littlefield },
    url = {https://philpapers.org/rec/BRIIUA}
}

@article{Bricker1996,
    title = {{Isolation and unification: The realist analysis of possible worlds}},
    year = {1996},
    journal = {Philosophical Studies},
    author = {Bricker, Phillip},
    number = {2-3},
    month = {12},
    pages = {225--238},
    volume = {84},
    url = {http://link.springer.com/10.1007/BF00354488},
    doi = {10.1007/BF00354488}
}

@article{Pereboom1990,
    title = {{Kant on justification in transcendental philosophy}},
    year = {1990},
    journal = {Synthese},
    author = {Pereboom, Derk},
    number = {1},
    month = {10},
    pages = {25--54},
    volume = {85},
    url = {http://link.springer.com/10.1007/BF00873193},
    doi = {10.1007/BF00873193}
}

@incollection{Pereboom2009,
    title = {{Kant's transcendental arguments}},
    year = {2009},
    booktitle = {The Stanford Encyclopedia of Philosophy},
    author = {Pereboom, D},
    editor = {Zalta, Edward N.},
    edition = {Fall 2014},
    url = {http://stanford.library.usyd.edu.au/entries/kant-transcendental/ http://plato.stanford.edu/archives/fall2014/entries/kant-transcendental/}
}

@article{Callanan2006,
    title = {{Kant's transcendental strategy}},
    year = {2006},
    journal = {The Philosophical Quarterly},
    author = {Callanan, JJ},
    number = {224},
    pages = {360--381},
    volume = {56},
    url = {http://pq.oxfordjournals.org/content/56/224/360.short}
}

@article{Gregory2005,
    title = {{Keeping semantics pure}},
    year = {2005},
    journal = {Nous},
    author = {Gregory, Dominic},
    number = {3},
    pages = {505--528},
    volume = {39},
    url = {http://www.jstor.org/stable/3506240},
    doi = {10.1111/j.0029-4624.2005.00511.x}
}

@book{Hintikka1962,
    title = {{Knowledge and Belief}},
    year = {1962},
    author = {Hintikka, Jaakko},
    publisher = {Cornell University Press},
    address = {Ithaca}
}

@book{VanDalen2013,
    title = {{L.E.J. Brouwer–Topologist, Intuitionist, Philosopher: How Mathematics Is Rooted in Life}},
    year = {2013},
    author = {van Dalen, Dirk},
    pages = {875},
    url = {http://cds.cern.ch/record/1512945},
    isbn = {9781447146155}
}

@book{Ferreiros2007LabyrinthMathematics,
    title = {{Labyrinth of Thought: A History of Set Theory and its Role in Modern Mathematics}},
    year = {2007},
    booktitle = {Labyrinth of Thought: A History of Set Theory and Its Role in Modern Mathematics},
    author = {Ferreir{\'{o}}s, José},
    pages = {1--466},
    isbn = {9783764383497},
    doi = {10.1007/978-3-7643-8350-3},
    issn = {0144-5340}
}

@article{Bird2005,
    title = {{Laws and essences}},
    year = {2005},
    journal = {Ratio},
    author = {Bird, A},
    url = {http://onlinelibrary.wiley.com/doi/10.1111/j.1467-9329.2005.00304.x/abstract}
}

@article{Pargetter1984,
    title = {{Laws and modal realism}},
    year = {1984},
    journal = {Philosophical Studies},
    author = {Pargetter, R},
    url = {http://www.springerlink.com/index/n22t261312011703.pdf}
}

@article{Myerson2009,
    title = {{Learning from Schelling's Strategy of Conflict}},
    year = {2009},
    journal = {Journal of Economic Literature},
    author = {Myerson, Roger B.},
    number = {4},
    month = {12},
    pages = {1109--1125},
    volume = {47},
    url = {https://www.aeaweb.org/articles.php?doi=10.1257/jel.47.4.1109},
    doi = {10.1257/jel.47.4.1109},
    issn = {0022-0515}
}

@book{Singer1967,
    title = {{Lecture Notes on Elementary Topology and Geometry.}},
    year = {1967},
    booktitle = {Undergraduate Texts in Mathematics},
    author = {Singer, I. M. and Thorpe, John A.},
    pages = {921},
    publisher = {Springer-Verlag},
    url = {http://www.jstor.org/stable/2314385?origin=crossref},
    address = {New York/ Heidelberg/ Berlin},
    isbn = {0387902023},
    doi = {10.2307/2314385},
    issn = {00029890}
}

@misc{Mine,
    title = {{Lecture Notes on Linear Algebra}},
    author = {Mine, Kotaro}
}

@article{McKinsey1979,
    title = {{Levels of obligation}},
    year = {1979},
    journal = {Philosophical Studies},
    author = {McKinsey, Michael},
    number = {4},
    month = {5},
    pages = {385--395},
    volume = {35},
    url = {http://link.springer.com/10.1007/BF00368053},
    doi = {10.1007/BF00368053},
    issn = {0031-8116}
}

@incollection{Laan2011,
    title = {{Lewis' argument for possible worlds}},
    year = {2011},
    booktitle = {Just the Arguments: 100 of the Most Important Arguments in Western Philosophy},
    author = {Laan, David Vander},
    editor = {{Michael Bruce} and {Steven Barbone}},
    publisher = {Wiley-Blackwell},
    url = {https://philpapers.org/rec/LAALAF}
}

@article{Gale1989,
    title = {{Lewis' Indexical Argument for World-Relative Actuality}},
    year = {1989},
    journal = {Dialogue},
    author = {Gale, Richard M.},
    number = {02},
    month = {3},
    pages = {289},
    volume = {28},
    url = {http://www.journals.cambridge.org/abstract_S001221730001578X},
    doi = {10.1017/S001221730001578X}
}

@article{Cameron2007,
    title = {{Lewisian Realism: Methodology, Epistemology, and Circularity}},
    year = {2007},
    journal = {Synthese},
    author = {Cameron, Ross P.},
    number = {1},
    month = {3},
    pages = {143--159},
    volume = {156},
    url = {http://link.springer.com/10.1007/s11229-005-2003-0},
    doi = {10.1007/s11229-005-2003-0},
    issn = {0039-7857}
}

@article{Berkovski2011,
    title = {{Lewis’ Reduction of Modality}},
    year = {2011},
    journal = {Acta Analytica},
    author = {Berkovski, Sandy},
    number = {2},
    month = {6},
    pages = {95--114},
    volume = {26},
    url = {http://link.springer.com/10.1007/s12136-009-0070-4},
    doi = {10.1007/s12136-009-0070-4}
}

@inproceedings{Cantini1999,
    title = {{Logic and Foundations of Mathematics}},
    year = {1999},
    booktitle = {The Tenth International Congress of Logic, Methodology and Philosophy of Science, Florence 1995},
    editor = {Cantini, Andrea and Casari, Ettore and Manari, Pierluigi},
    pages = {282},
    publisher = {Springer-Science+Business Media, B.V.},
    address = {Dordrecht, The Netherlands},
    isbn = {9789048160396},
    doi = {10.1007/978-94-017-2109-7}
}

@misc{Hofweber2018,
    title = {{Logic and Ontology}},
    year = {2018},
    booktitle = {Stanford Encyclopedia of Philosophy},
    author = {Hofweber, Thomas},
    edition = {Summer 201}
}

@article{VanBenthem2003a,
    title = {{Logic and the Dynamics of Information}},
    year = {2003},
    journal = {Minds and Machines},
    author = {Van Benthem, Johan},
    pages = {503--519},
    volume = {13},
    isbn = {ILLC report PP-2003-21},
    doi = {10.1023/A:1026296600182},
    issn = {09246495}
}

@article{Burgess2007,
    title = {{Logic and Time}},
    year = {2007},
    journal = {Time},
    author = {Burgess, John P. and Url, Stable and Journal, The and Logic, Symbolic},
    number = {4},
    pages = {566--582},
    volume = {44},
    issn = {0034-6632}
}

@book{VanBenthem2014,
    title = {{Logic in Games}},
    year = {2014},
    author = {van Benthem, Johan},
    pages = {547},
    publisher = {The MIT Press},
    address = {Cambridge, Massachusetts},
    isbn = {9780262019903}
}

@article{Andreka2007,
    title = {{Logic of Space-time and Relativity Theory}},
    year = {2007},
    journal = {Handbook of spatial logics},
    author = {Andr{\'{e}}ka, H and Madar{\'{a}}sz, JX and N{\'{e}}meti, I},
    url = {http://link.springer.com/chapter/10.1007/978-1-4020-5587-4_11}
}

@article{Beall2000,
    title = {{Logical Pluralism}},
    year = {2000},
    journal = {Australasian Journal of Philosophy},
    author = {Beall, JC and Restall, Greg},
    number = {4},
    month = {12},
    pages = {475--493},
    volume = {78},
    url = {http://www.tandfonline.com/doi/abs/10.1080/00048400012349751},
    doi = {10.1080/00048400012349751},
    issn = {0004-8402}
}

@book{Beall2006,
    title = {{Logical Pluralism}},
    year = {2006},
    booktitle = {Oxford University Press},
    author = {Beall, JC and Restall, Greg}
}

@article{Allwein1996,
    title = {{Logical reasoning with diagrams}},
    year = {1996},
    author = {Allwein, G and Barwise, J},
    url = {http://philpapers.org/rec/ALLLRW}
}

@book{MacNish1994,
    title = {{Logics in Artificial Intelligence}},
    year = {1994},
    editor = {MacNish, Craig and Pearce, David and Pereira, Luís Moniz},
    series = {Lecture Notes in Computer Science},
    volume = {838},
    publisher = {Springer Berlin Heidelberg},
    url = {http://www.springerlink.com/index/10.1007/BFb0021960},
    address = {Berlin, Heidelberg},
    isbn = {978-3-540-58332-5},
    doi = {10.1007/BFb0021960}
}

@inproceedings{PS-Majority,
    title = {{Majority logic}},
    year = {2004},
    booktitle = {Proceedings of Knowledge Representation and Reasoning (KR 2004)},
    author = {Pacuit, Eric and Salame, Samer},
    pages = {598--605}
}

@misc{lamp87,
    title = {{Make Index: An Index Processor For LaTeX}},
    year = {1987},
    author = {Lamport, L}
}

@book{Groh2014,
    title = {{Making Space: How the Brain Knows Where Things Are}},
    year = {2014},
    author = {Groh, Jennifer M.},
    pages = {246},
    publisher = {The Belknap Press of Harvard University Press},
    address = {Cambridge, Massachusetts / London, England},
    isbn = {978-0-674-86321-7},
    keywords = {Cognition, Space perception, Spatial behavir}
}

@book{Newcombe2000,
    title = {{Making Space: The Development of Spatial Representation and Reasoning}},
    year = {2000},
    author = {Newcombe, Nora S and Huttenlocher, Janellen},
    pages = {xii, 262 p.},
    url = {http://books.google.com/books?hl=en&lr=&id=MUJhhDH2M50C&pgis=1},
    isbn = {0262140691}
}

@article{Dixit1991,
    title = {{Making strategies credible}},
    year = {1991},
    journal = {Strategy and Choice},
    author = {Dixit, A and Nalebuff, B},
    url = {https://books.google.com/books?hl=ja&lr=&id=YsapejLQstkC&oi=fnd&pg=PA161&dq=Dixit+and+Nalebuff,+1991&ots=XfLwrTTMiw&sig=W1asi4la6EDJ4JJS2EXxgS5Pux0}
}

@book{Woodward2005,
    title = {{Making Things Happen: A theory of Causal Explanation}},
    year = {2005},
    author = {Woodward, J},
    url = {https://books.google.nl/books?hl=en&lr=&id=Z-GrBwAAQBAJ&oi=fnd&pg=PA3&dq=Woodward,+J.+(2005)+Making+Things+Happen&ots=OcyTUNC4eA&sig=LAStGErnyN0XPQTkdvwQEZLHD9E}
}

@book{Bennet2017,
    title = {{Making Things Up}},
    year = {2017},
    author = {Bennet, Karen},
    publisher = {Oxford University Press}
}

@article{Gabbay2003,
    title = {{Many-dimensional Modal Logics : Theory and Applications}},
    year = {2003},
    author = {Gabbay, Dov M. and Kurucz, Agi and Wolter, Frank and Zakharyaschev, Michael},
    pages = {747},
    isbn = {0444508260},
    doi = {10.1016/S0049-237X(03)80017-4},
    issn = {0049237X},
    pmid = {25246403},
    arxivId = {arXiv:1011.1669v3}
}

@article{Gabbay2003Many-dimensionalApplications,
    title = {{Many-dimensional modal logics : theory and applications}},
    year = {2003},
    author = {Gabbay, Dov M and Kurucz, Agi and Wolter, Frank and Zakharyaschev, Michael},
    pages = {747},
    isbn = {0444508260},
    doi = {10.1016/S0049-237X(03)80017-4},
    issn = {0049237X},
    pmid = {25246403},
    arxivId = {arXiv:1011.1669v3}
}

@article{Arthur,
    title = {{Materialist Theories of Time}},
    author = {Arthur, Richard T W}
}

@incollection{Goldblatt2006MathematicalEvolution,
    title = {{Mathematical Modal Logic: A View of its Evolution}},
    year = {2006},
    booktitle = {Handbook of the History of Logic},
    author = {Goldblatt, Robert},
    pages = {1--98},
    volume = {7}
}

@article{Goguen,
    title = {{Mathematical Models of Cognitive Space and Time}},
    author = {Goguen, Joseph},
    pages = {1--25}
}

@book{Gross2015,
    title = {{Meaning Without Representation}},
    year = {2015},
    editor = {Gross, Steven; and Tebben, Nicholas ; and Williams, Michael},
    publisher = {Oxford University Press}
}

@article{Berto2010,
    title = {{Meaning, Metaphysics, and Contradiction}},
    year = {2010},
    journal = {American Philosophical Quarterly},
    author = {Berto, Francesco},
    number = {4},
    pages = {283--297},
    volume = {43},
    url = {http://www.jstor.org/stable/20010253}
}

@phdthesis{Chua2012,
    title = {{Metaphysical accounts of modality: A comparative evaluation of Lewisian and neo-Aristotelian modal metaphysics}},
    year = {2012},
    author = {Chua, David},
    url = {https://philpapers.org/rec/CHUMAO},
    school = {The University of Sydney}
}

@article{Russell2013,
    title = {{Metaphysical analyticity and the epistemology of logic}},
    year = {2013},
    journal = {Philosophical Studies},
    author = {Russell, Gillian K.},
    number = {1},
    volume = {171},
    doi = {10.1007/s11098-013-0255-y},
    issn = {15730883}
}

@incollection{Bliss2014,
    title = {{Metaphysical Grounding}},
    year = {2014},
    booktitle = {The Stanford Encyclopedia of Philosophy},
    author = {Bliss, Ricki and Trogdon, Kelly},
    editor = {Zalta, Edward N.},
    edition = {Winter 201},
    url = {http://philpapers.org/rec/BLIMG http://plato.stanford.edu/archives/win2014/entries/grounding/}
}

@article{Dasgupta2016,
    title = {{Metaphysical rationalism}},
    year = {2016},
    journal = {Nous},
    author = {Dasgupta, Shamik},
    number = {2},
    volume = {50},
    doi = {10.1111/nous.12082},
    issn = {14680068}
}

@phdthesis{Denby1997,
    title = {{Metaphysical Theories of Modality: Properties, Relations and Possibilities}},
    year = {1997},
    author = {Denby, David A.},
    url = {https://philpapers.org/rec/DENMTO},
    school = {University of Massachusetts Amherst}
}

@book{Loux2006,
    title = {{Metaphysics : A Contemporary Introduction}},
    year = {2006},
    author = {Loux, Michael J.},
    pages = {328},
    publisher = {Routledge},
    isbn = {0415401348}
}

@book{Kaur2015,
    title = {{Milk and Honey}},
    year = {2015},
    author = {Kaur, Rupi},
    publisher = {Andrews McMeel Publishing}
}

@article{Galison,
    title = {{Minkowski's Space-Time: From Visual Thinking to the Absolute World}},
    author = {Galison, Peter Louis}
}

@article{Sorensen1996,
    title = {{Modal Bloopers: Why Believable Impossibilities Are Necessary}},
    year = {1996},
    journal = { American Philosophical Quarterly},
    author = {Sorensen, Roy A},
    number = {3},
    pages = {247--261},
    volume = {33},
    url = {http://www.jstor.org/stable/20009865}
}

@article{Sorensen1996ModalNecessary,
    title = {{Modal Bloopers: Why Believable Impossibilities Are Necessary}},
    year = {1996},
    journal = {American Philosophical Quarterly},
    author = {Sorensen, Roy A},
    number = {3},
    pages = {247--261},
    volume = {33},
    url = {http://www.jstor.org/stable/20009865}
}

@incollection{Divers2010,
    title = {{Modal Commitments}},
    year = {2010},
    booktitle = {Modality: Metaphysics, Logic, and Epistemology},
    author = {Divers, John},
    editor = {{Bob Hale} and {Aviv Hoffmann}},
    publisher = {Oxford University Press},
    url = {https://philpapers.org/rec/DIVMC}
}

@unpublished{Yamamoto2018,
    title = {{Modal Correspondence Theory for Possibility Semantics}},
    year = {2018},
    author = {Yamamoto, Kentarô},
    pages = {1--17},
    volume = {81},
    url = {https://escholarship.org/uc/item/7t12914n},
    isbn = {9781938169113},
    doi = {10.2307/2393253}
}

@incollection{Wolter_Zakharyascev2007_modal_decision,
    title = {{Modal Decision Problems}},
    year = {2007},
    booktitle = {Handbook of Modal Logic},
    author = {Wolter, Frank and Zakharyaschev, Michael},
    editor = {Blackburn, Patrick and van Benthem, Johan and Wolter, Frank},
    chapter = {7},
    pages = {427--489},
    publisher = {Elsevier B.V.}
}

@misc{Gabelaia2001,
    title = {{Modal Definability in Topology}},
    year = {2001},
    author = {Gabelaia, David},
    publisher = {ILLC Publications, Master of Logic Thesis (MoL) Series MoL-2001-11},
    institution = {University of Amsterdam}
}

@book{Blackburn2002-BLAML-2,
    title = {{Modal Logic}},
    year = {2002},
    author = {Blackburn, Patrick and de Rijke, Maarten and Venema, Yde},
    publisher = {Cambridge University Press}
}

@incollection{Lindstrom2007,
    title = {{Modal Logic and Philosophy}},
    year = {2007},
    booktitle = {Handbook of Modal Logic},
    author = {Lindstr{\"{o}}m, Sten and Segerberg, Krister},
    chapter = {21},
    pages = {1149--1214},
    volume = {3},
    url = {http://www.sciencedirect.com/science/article/pii/S1570246407800243},
    isbn = {9780444516909},
    doi = {10.1016/S1570-2464(07)80024-3},
    issn = {15702464}
}

@incollection{Smorynski1984,
    title = {{Modal Logic and Self-Reference}},
    year = {1984},
    booktitle = {Handbook of Philosophical Logic},
    author = {Smory{\'{n}}ski, Craig},
    pages = {441--495},
    publisher = {Springer Netherlands},
    url = {http://www.springerlink.com/index/10.1007/978-94-009-6259-0_9},
    address = {Dordrecht},
    doi = {10.1007/978-94-009-6259-0{\_}9}
}

@book{VanBenthem2010,
    title = {{Modal Logic for Open Minds}},
    year = {2010},
    author = {van Benthem, Johan},
    pages = {381},
    publisher = {Center for the Study of Language and Information},
    address = {Stanford, CA}
}

@incollection{Artemov2007_modal_logi_in_mathematics,
    title = {{Modal Logic in Mathematics}},
    year = {2007},
    booktitle = {Handbook of Modal Logic},
    author = {Artemov, Sergei},
    editor = {Blackburn, Patrick and van Benthem, Johan and Wolter, Frank},
    chapter = {16},
    pages = {927--969},
    publisher = {Elsevier B.V.},
    doi = {10.1016/S1570-2464(07)80019-X}
}

@techreport{Holliday2018,
    title = {{Modal Logic to Rule Them All ?}},
    year = {2018},
    author = {Holliday, Wesley Halcrow and Litak, Tadeusz},
    pages = {0--28},
    url = {https://escholarship.org/uc/item/07v9360j},
    institution = {University of California, Berkeley}
}

@incollection{Blackburn2007,
    title = {{Modal logic: a semantic perspective}},
    year = {2007},
    booktitle = {Handbook of Modal Logic},
    author = {Blackburn, Patrick and van Benthem, Johan},
    editor = {Blackburn, Patrick},
    pages = {1--84},
    publisher = {Elsevier B.V.},
    isbn = {9780444516909},
    doi = {10.1016/S1570-2464(07)80004-8},
    issn = {15702464}
}

@article{Shapirovsky2005,
    title = {{Modal logics of regions and Minkowski spacetime}},
    year = {2005},
    journal = {Journal of Logic and Computation},
    author = {Shapirovsky, Ilya and Shehtman, Valentin},
    url = {http://logcom.oxfordjournals.org/content/15/4/559.short},
    doi = {10.1093/logcom/exi039}
}

@incollection{VanBenthem2007,
    title = {{Modal Logics of Space}},
    year = {2007},
    booktitle = {Handbook of Spatial Logics},
    author = {van Benthem, Johan and Bezhanishvili, G},
    editor = {Aiello, Marco and Pratt-Hartmann, Ian and van Benthem, Johan},
    chapter = {5},
    pages = {217 - 298},
    publisher = {Springer},
    address = {Dordrecht, The Netherlands}
}

@article{Berto2011,
    title = {{Modal Meinongianism and fiction: The best of three worlds}},
    year = {2011},
    journal = {Philosophical Studies},
    author = {Berto, Francesco},
    number = {3},
    pages = {313--334},
    volume = {152},
    url = {http://www.jstor.org/stable/41487598},
    doi = {10.1007/s11098-009-9479-2},
    keywords = {Fictional entities, Impossible worlds, Meinongianism}
}

@misc{Parent2012,
    title = {{Modal Metaphysics}},
    year = {2012},
    booktitle = {Internet Encyclopedia of Philosophy},
    author = {Parent, T.},
    url = {https://philpapers.org/rec/PARMM}
}

@incollection{Bueno2004,
    title = {{Modal realism and modal epistemology: A huge gap}},
    year = {2004},
    booktitle = {Modal Epistemology.},
    author = {Bueno, Otávio and Shalkowski, Scott},
    editor = {{Erik Weber} and {Tim De Mey}},
    pages = {93--106},
    publisher = {Koninklijke Vlaamse Academie van Belgie Vor Wetenschappen En Kunsten},
    url = {https://philpapers.org/rec/BUEMRA}
}

@misc{Parent,
    title = {{Modal Realism and the Meaning of 'Exist'}},
    author = {Parent, T.},
    url = {https://philpapers.org/rec/PARMRA-2}
}

@incollection{Lewis1997,
    title = {{Modal Realism at Work}},
    year = {1997},
    booktitle = {Properties},
    author = {Lewis, David},
    editor = {{D. H. Mellor} and {Alex Oliver}},
    publisher = {Oxford University Press},
    url = {https://philpapers.org/rec/LEWMRA}
}

@article{McDaniel2004,
    title = {{Modal Realism with Overlap}},
    year = {2004},
    journal = {Australasian Journal of Philosophy},
    author = {McDaniel, Kris},
    number = {1},
    month = {3},
    pages = {137--152},
    volume = {82},
    url = {http://www.tandfonline.com/doi/abs/10.1080/713659792},
    doi = {10.1080/713659792}
}

@article{Conee2011,
    title = {{Modal Realism, Counterpart Theory, and the Possibility of Multiversal Rectitude}},
    year = {2011},
    journal = {Analysis},
    author = {Conee, Earl},
    number = {4},
    month = {10},
    pages = {680--684},
    volume = {71},
    url = {https://academic.oup.com/analysis/article-lookup/doi/10.1093/analys/anr098},
    doi = {10.1093/analys/anr098}
}

@article{Baltimore2014,
    title = {{Modal Realism, Counterpart Theory, and Unactualized Possibilities}},
    year = {2014},
    journal = {Metaphysica},
    author = {Baltimore, Joseph A.},
    number = {1},
    month = {1},
    volume = {15},
    url = {https://www.degruyter.com/view/j/mp.2014.15.issue-1/mp-2014-0013/mp-2014-0013.xml},
    doi = {10.1515/mp-2014-0013}
}

@article{Jago2016,
    title = {{Modal Realism, Still At Your Convenience}},
    year = {2016},
    journal = {?},
    author = {Jago, Mark and Noonan, Harold},
    url = {https://philpapers.org/rec/JAGMRS}
}

@article{Mondadori1976,
    title = {{Modal Realism: The Poisoned Pawn}},
    year = {1976},
    journal = {The Philosophical Review},
    author = {Mondadori, Fabrizio and Morton, Adam},
    number = {1},
    month = {1},
    pages = {3},
    volume = {85},
    url = {http://www.jstor.org/stable/2184252?origin=crossref https://philpapers.org/archive/MONMRT.pdf},
    doi = {10.2307/2184252}
}

@article{Mondadori1976ModalPawn,
    title = {{Modal Realism: The Poisoned Pawn}},
    year = {1976},
    journal = {The Philosophical Review},
    author = {Mondadori, Fabrizio and Morton, Adam},
    number = {1},
    pages = {3},
    volume = {85},
    url = {http://www.jstor.org/stable/2184252?origin=crossref https://philpapers.org/archive/MONMRT.pdf},
    doi = {10.2307/2184252}
}

@article{McDaniel2006,
    title = {{Modal Realisms}},
    year = {2006},
    journal = {Philosophical Perspectives},
    author = {McDaniel, Kris},
    number = {1},
    month = {12},
    pages = {303--331},
    volume = {20},
    url = {http://doi.wiley.com/10.1111/j.1520-8583.2006.00109.x},
    doi = {10.1111/j.1520-8583.2006.00109.x}
}

@article{Yagisawa2011,
    title = {{Modal Space Exploration: Replies To Ballarin, Hayaki, and Kim}},
    year = {2011},
    journal = {Analytic Philosophy},
    author = {Yagisawa, Takashi},
    number = {4},
    pages = {302--311},
    volume = {52},
    url = {http://doi.wiley.com/10.1111/j.2153-960X.2011.00538.x},
    doi = {10.1111/j.2153-960X.2011.00538.x},
    issn = {21539596}
}

@article{Bueno2009,
    title = {{Modalism and Logical Pluralism}},
    year = {2009},
    journal = {Mind},
    author = {Bueno, Otávio and Shalkowski, Scott A.},
    number = {470},
    pages = {295--321},
    volume = {118},
    doi = {10.1093/mind/fzp033},
    issn = {00264423}
}

@book{Melia2003,
    title = {{Modality}},
    year = {2003},
    author = {Melia, Joseph},
    publisher = {Mcgill-Queen's University Press },
    url = {https://philpapers.org/rec/MELM-6}
}

@article{Kment2014,
    title = {{Modality {\&} Explanatory Reasoning}},
    year = {2014},
    author = {Kment, Boris},
    pages = {xii-362},
    url = {http://www.oxfordscholarship.com/view/10.1093/acprof:oso/9780199604685.001.0001/acprof-9780199604685%5Cnhttp://global.oup.com/academic/product/modality-and-explanatory-reasoning-9780199604685%5Cnhttp://books.google.ca/books?id=nGm6BAAAQBAJ},
    isbn = {9780199604685},
    doi = {10.1093/acprof:oso/9780199604685.001.0001},
    keywords = {causation, counterfactual reasoning, counterfactuals, essence, explanation, grounding, impossible worlds, modality, necessity, possible worlds}
}

@book{McLeod2001,
    title = {{Modality and Anti-Metaphysics}},
    year = {2001},
    author = {McLeod, Stephen K.},
    publisher = {Ashgate},
    url = {https://philpapers.org/rec/MCLMAA}
}

@article{Uzquiano2015,
    title = {{Modality and paradox}},
    year = {2015},
    journal = {Philosophy Compass},
    author = {Uzquiano, Gabriel},
    number = {4},
    pages = {284–300},
    volume = {10},
    doi = {10.1111/phc3.12223}
}

@book{Hale2009,
    title = {{Modality: Metaphysics, Logic, and Epistemology}},
    year = {2009},
    editor = {Hale, Bob and Hoffmann, Aviv},
    publisher = {Oxford University Press },
    url = {https://philpapers.org/rec/HALMML}
}

@article{Stalnaker2016,
    title = {{Models and reality}},
    year = {2016},
    journal = {Canadian Journal of Philosophy},
    author = {Stalnaker, Robert},
    number = {4-5},
    volume = {46},
    isbn = {00224812},
    doi = {10.1080/00455091.2016.1156979},
    issn = {19110820}
}

@article{Miller2001a,
    title = {{Moderate Modal Realism}},
    year = {2001},
    journal = {Philosophia},
    author = {Miller, Richard B},
    number = {3},
    pages = {3--38},
    volume = {28},
    url = {https://doi.org/10.1007/BF02379767},
    doi = {10.1007/BF02379767}
}

@book{Nagata,
    title = {{Modern Dimension Theory: revised and extended edition}},
    author = {Nagata, Jun-iti},
    publisher = {Heldermann Verlag},
    address = {Berlin}
}

@article{Hookway1999,
    title = {{Modest Transcendental Arguments and Sceptical Doubts: A Reply to Stroud}},
    year = {1999},
    author = {Hookway, Christopher},
    url = {http://philpapers.org/rec/HOOMTA}
}

@book{Lakoff2002,
    title = {{Moral Politics: How Liberals and Conservatives Think}},
    year = {2002},
    author = {Lakoff, George},
    edition = {2},
    publisher = {University of Chicago Press},
    address = {Chicago, London}
}

@article{Pears1984,
    title = {{Motivated Irrationality}},
    year = {1984},
    author = {Pears, David Francis},
    url = {http://philpapers.org/rec/PEAMI}
}

@book{VanDalen1999,
    title = {{Mystic, Geometer, and Intuitionist: The Life of L. E. J. Brouwer: Volume 1: The Dawning Revolution}},
    year = {1999},
    author = {van Dalen, Dirk},
    volume = {1},
    publisher = {Clarendon Press},
    address = {Oxford},
    isbn = {978-0198502975}
}

@book{vanDalen2005MysticDisillusion,
    title = {{Mystic, Geometer, and Intuitionist: The Life of L. E. J. Brouwer: Volume 2: Hope and Disillusion}},
    year = {2005},
    author = {van Dalen, Dirk},
    publisher = {Clarendon Press},
    address = {Oxford},
    isbn = {9780198516200}
}

@book{Kripke1980,
    title = {{Naming and necessity}},
    year = {1980},
    author = {Kripke, Saul A},
    publisher = {Harvard University Press}
}

@article{Myerson1999,
    title = {{Nash equilibrium and the history of economic theory}},
    year = {1999},
    journal = {Journal of Economic Literature},
    author = {Myerson, RB},
    url = {http://www.jstor.org/stable/2564872}
}

@article{Tahko2015,
    title = {{Natural kind essentialism revisited}},
    year = {2015},
    journal = {Mind},
    author = {Tahko, Tuomas E.},
    number = {495},
    volume = {124},
    doi = {10.1093/mind/fzv027},
    issn = {00264423}
}

@article{Slater2015,
    title = {{Natural kindness}},
    year = {2015},
    journal = {British Journal for the Philosophy of Science},
    author = {Slater, Matthew H.},
    number = {2},
    volume = {66},
    doi = {10.1093/bjps/axt033},
    issn = {14643537}
}

@book{Pacuit2017,
    title = {{Neighborhood Semantics for Modal Logic}},
    year = {2017},
    author = {Pacuit, Eric},
    series = {Short Textbooks in Logic},
    publisher = {Springer International Publishing},
    url = {http://link.springer.com/10.1007/978-3-319-67149-9},
    isbn = {978-3-319-67148-2},
    doi = {10.1007/978-3-319-67149-9}
}

@misc{davi93,
    title = {{NETPBM}},
    year = {1993},
    author = {Davidsen, Bill}
}

@book{Patterson2010,
    title = {{New Essays on Tarski and Philosophy}},
    year = {2010},
    editor = {Patterson, Douglas},
    pages = {1--448},
    publisher = {Oxford University Press},
    isbn = {9780191712272},
    doi = {10.1093/acprof:oso/9780199296309.001.0001},
    issn = {0144-5340},
    pmid = {25246403},
    arxivId = {arXiv:1011.1669v3},
    keywords = {Alfred tarski, Consequence relationship, Logical consequence, Truth, Truth preservation, Valid inference}
}

@article{Edgington2007,
    title = {{On conditionals}},
    year = {2007},
    journal = {Handbook of philosophical logic},
    author = {Edgington, D},
    url = {http://link.springer.com/chapter/10.1007/978-1-4020-6324-4_3}
}

@article{A.N.Whitehead1906,
    title = {{On Mathematical Concepts of the Material World}},
    year = {1906},
    journal = {Philosophical Transactions of the Royal Society of London. Series A, Containing Papers of a Mathematical or Physical Character},
    author = {{A. N. Whitehead}},
    pages = {465--525},
    volume = {205}
}

@incollection{Brown2006,
    title = {{On Paraconsistency}},
    year = {2006},
    booktitle = {A Companion to Philosophical Logic},
    author = {Brown, Bryson},
    chapter = {39},
    pages = {628--650},
    publisher = {Blackwell Publishing Ltd},
    doi = {10.1002/9780470996751.ch40}
}

@article{Arregui2009,
    title = {{On similarity in counterfactuals}},
    year = {2009},
    journal = {Linguistics and Philosophy},
    author = {Arregui, A},
    url = {http://link.springer.com/article/10.1007/s10988-009-9060-7}
}

@article{Betti2012,
    title = {{On Tarski’s foundations of the geometry of solids}},
    year = {2012},
    journal = {The Bulletin of Symbolic Logic},
    author = {Betti, Arianna and Loeb, Iris},
    number = {2},
    pages = {230--260},
    volume = {18}
}

@article{pier02,
    title = {{On the exceptional series, and its descendants}},
    year = {2002},
    journal = {C. R. Math. Acad. Sci. Paris},
    author = {Deligne, Pierre X and Gross, Benedict H},
    number = {11},
    pages = {877--881},
    volume = {335},
    issn = {1631-073X}
}

@article{Maudlin1996,
    title = {{On the impossibility of David Lewis' modal realism}},
    year = {1996},
    journal = {Australasian Journal of Philosophy},
    author = {Maudlin, Tim},
    number = {4},
    month = {12},
    pages = {669--682},
    volume = {74},
    url = {http://www.tandfonline.com/doi/abs/10.1080/00048409612347601},
    doi = {10.1080/00048409612347601}
}

@article{Stylianou2002,
    title = {{On the interaction of visualization and analysis: The negotiation of a visual representation in expert problem solving}},
    year = {2002},
    journal = {Journal of Mathematical Behavior},
    author = {Stylianou, Despina A.},
    pages = {303--317},
    volume = {21},
    isbn = {0732-3123},
    doi = {10.1016/S0732-3123(02)00131-1},
    issn = {07323123},
    keywords = {Diagrams, Drawing, Expert performance, Problem-solving strategies, Proof, Reasoning, Visual representations}
}

@article{Milburn1981,
    title = {{On the nature of threat: A social psychological analysis}},
    year = {1981},
    author = {Milburn, TW and Watman, KH},
    url = {https://scholar.google.com/scholar?oi=gsb95&q=watman milburn threat&lookup=0&hl=en#0}
}

@book{Lewis1986,
    title = {{On the Plurality of Worlds}},
    year = {1986},
    author = {Lewis, David},
    pages = {ix, 276 p.},
    publisher = {Blackwell},
    address = {Oxford},
    isbn = {9780631224266},
    doi = {10.1017/CBO9781107415324.004},
    issn = {00318108},
    pmid = {1914615},
    arxivId = {arXiv:1011.1669v3},
    keywords = {Modality (Theory of knowledge), Plurality of worlds., Realism.}
}

@article{Divers1994,
    title = {{On the prohibitive cost of indiscernible concrete possible worlds}},
    year = {1994},
    journal = {Australasian Journal of Philosophy},
    author = {Divers, John},
    number = {3},
    month = {9},
    pages = {384--389},
    volume = {72},
    url = {http://www.tandfonline.com/doi/abs/10.1080/00048409412346181},
    doi = {10.1080/00048409412346181},
    issn = {0004-8402}
}

@incollection{Schaffer2009,
    title = {{On what grounds what}},
    year = {2009},
    booktitle = {Metametaphysics: new essays on the foundation of ontology},
    author = {Schaffer, J},
    editor = {Chalmers, David J and Manley, David and Wasserman, Ryan},
    chapter = {12},
    pages = {347--383},
    publisher = {Oxford University Press},
    url = {http://philpapers.org/rec/SCHOWG}
}

@article{Quine1948,
    title = {{On What There Is}},
    year = {1948},
    journal = {Review of Metaphysics},
    author = {Quine, Willard V},
    pages = {21--39},
    volume = {2}
}

@book{GrahamPriest2014,
    title = {{One: Being an Investigation Into the Unity of Reality and of its Parts Including the Singular Object Which is Nothingness}},
    year = {2014},
    author = {{Graham Priest}},
    publisher = {Oxford University Press}
}

@article{Church1958,
    title = {{Ontological Commitment}},
    year = {1958},
    journal = {The Journal of Philosophy},
    author = {Church, Alonzo},
    number = {23},
    pages = {1008},
    volume = {55},
    url = {http://www.pdcnet.org/oom/service?url_ver=Z39.88-2004&rft_val_fmt=&rft.imuse_id=jphil_1958_0055_0023_1008_1014&svc_id=info:www.pdcnet.org/collection},
    isbn = {1747-9991},
    doi = {10.2307/2021909},
    issn = {0022362X}
}

@misc{Bricker2016,
    title = {{Ontological Commitment}},
    year = {2016},
    booktitle = {Stanford Encyclopedia of Philosophy},
    author = {Bricker, Phillip},
    edition = {Winter 201}
}

@book{Berto2015,
    title = {{Ontology and Metaontology: A Contemporary Guide}},
    year = {2015},
    author = {Berto, Francesco and Plebani, Matteo},
    publisher = {Bloomsbury},
    isbn = {9781441191953}
}

@article{Guigon2014,
    title = {{Overall similarity, natural properties, and paraphrases}},
    year = {2014},
    journal = {Philosophical Studies},
    author = {Guigon, Ghislain},
    number = {2},
    month = {1},
    pages = {387--399},
    volume = {167},
    url = {http://link.springer.com/10.1007/s11098-013-0105-y},
    doi = {10.1007/s11098-013-0105-y}
}

@book{Zimmerman2004,
    title = {{Oxford Studies in Metaphysics: Volume 1}},
    year = {2004},
    booktitle = {Oxford Studies in Metaphysics 1},
    editor = {Zimmerman, Dean W.},
    publisher = {Oxford University Press},
    address = {Oxford},
    isbn = {0199267723}
}

@article{Ellsberg1972,
    title = {{Papers on the War}},
    year = {1972},
    author = {Ellsberg, D},
    url = {https://scholar.google.com/scholar?q=Ellsberg%2C+1975#0}
}

@misc{Ripley2015,
    title = {{Paraconsistent Logic}},
    year = {2015},
    booktitle = {Journal of Philosophical Logic},
    author = {Ripley, David},
    isbn = {9781405179799},
    doi = {10.1007/s10992-015-9358-6},
    issn = {15730433}
}

@book{Sainsbury1995-SAIPb,
    title = {{Paradoxes}},
    year = {1995},
    author = {Sainsbury, R M},
    publisher = {Cambridge University Press}
}

@book{Lewis1991-LEWPOC-3,
    title = {{Parts of Classes}},
    year = {1991},
    author = {Lewis, David},
    publisher = {Blackwell}
}

@book{Frank,
    title = {{Passions within reason:  The strategic role of the emotions.}},
    author = {Frank, Robert H.}
}

@misc{Shin1994,
    title = {{Peirce and the logical status of diagrams}},
    year = {1994},
    booktitle = {History and Philosophy of Logic},
    author = {Shin, Sun-joo},
    pages = {45--68},
    volume = {15},
    isbn = {0144534940},
    doi = {10.1080/01445349408837224},
    issn = {0144-5340}
}

@book{Skibo2008,
    title = {{People and Things: A Behavioral Approach to Material Culture}},
    year = {2008},
    author = {Skibo, James M. and Schiffer, Michael Brian},
    publisher = {Springer Science + Buisiness Media, LLC},
    address = {New York, NY},
    isbn = {978-0-387-76524-2},
    doi = {10.1007/978-0-387-76527-3}
}

@article{Shibata2011,
    title = {{Perceptual Learning Incepted by Decoded fMRI Neurofeedback Without Stimulus Presentation}},
    year = {2011},
    journal = {Science},
    author = {Shibata, Kazuhisa and Watanabe, Takeo and Yuka, Sasaki and Kawato, Mitsuo},
    number = {6061},
    pages = {1413--1415},
    volume = {334},
    doi = {10.1126/science.1212003}
}

@article{Bennett2003a,
    title = {{Philosophical guide to conditionals}},
    year = {2003},
    author = {Bennett, J},
    url = {http://philpapers.org/rec/BENPGT}
}

@book{Strawson1967,
    title = {{Philosophical logic}},
    year = {1967},
    author = {Strawson, P. F.},
    pages = {177},
    publisher = {Oxford U.P.},
    url = {http://books.google.com/books?id=PHxs6r6UMIwC&pgis=1}
}

@book{Wolfram1989,
    title = {{Philosophical Logic: An Introduction}},
    year = {1989},
    author = {Wolfram, Sybil},
    pages = {290},
    publisher = {Routledge},
    url = {http://books.google.com/books?id=w5sOAAAAQAAJ&pgis=1},
    isbn = {0415023181}
}

@book{Lewis1983,
    title = {{Philosophical Papers Vol. I}},
    year = {1983},
    author = {Lewis, David},
    publisher = {Oxford University Press},
    isbn = {9780195032048}
}

@book{Lewis1986a,
    title = {{Philosophical Papers Vol. II}},
    year = {1986},
    author = {Lewis, David},
    publisher = {Oxford University Press}
}

@incollection{Cocchiarella1984,
    title = {{Philosophical Perspectives on Quantification in Tense and Modal Logic}},
    year = {1984},
    booktitle = {Handbook of Philosophical Logic},
    author = {Cocchiarella, Nino B.},
    pages = {309--353},
    publisher = {Springer Netherlands},
    url = {http://www.springerlink.com/index/10.1007/978-94-009-6259-0_6},
    address = {Dordrecht},
    doi = {10.1007/978-94-009-6259-0{\_}6}
}

@book{Lakoff1999,
    title = {{Philosophy in the Flesh: The Embodied Mind and its Challenge to Western Thought}},
    year = {1999},
    author = {Lakoff, George and Johnson, Mark},
    publisher = {Basic Books},
    isbn = {9789004310087},
    doi = {10.15713/ins.mmj.3},
    pmid = {29982528}
}

@book{Quine1970,
    title = {{Philosophy of Logic}},
    year = {1970},
    author = {Quine, W. V.},
    publisher = {Harvard University Press}
}

@book{Haack1978a,
    title = {{Philosophy of Logics}},
    year = {1978},
    author = {Haack, Susan},
    url = {http://otago.lconz.ac.nz/vwebv/holdingsInfo?bibId=147723},
    isbn = {0521293294},
    doi = {10.1017/CBO9780511812866}
}

@book{Aristotle2008,
    title = {{Physics}},
    year = {2008},
    author = {{Aristotle}},
    publisher = {Oxford University Press}
}

@incollection{InwagenPetervan.1985.PlantingaonTrans-WorldIdentity.InAlvinPlantinga10120.Dordrecht:SpringerNetherlands.https://doi.org/10.1007/978-94-009-5223-2_2.,
    title = {{Plantinga on Trans-World Identity}},
    year = {1985},
    booktitle = {Alvin Plantinga},
    author = {van Inwagen, Peter},
    pages = {101--120},
    publisher = {Springer Netherlands},
    url = {http://link.springer.com/10.1007/978-94-009-5223-2_2},
    address = {Dordrecht},
    doi = {10.1007/978-94-009-5223-2{\_}2}
}

@book{Binmore2012,
    title = {{Playing for Real Coursepack Edition: A Text on Game Theory}},
    year = {2012},
    author = {Binmore, Ken},
    pages = {416},
    publisher = {Oxford University Press},
    url = {http://books.google.com/books?hl=en&lr=&id=REQOjp8hvVoC&pgis=1},
    isbn = {0199924538}
}

@article{Gracely1988,
    title = {{Playing games with eternity: the Devil's offer}},
    year = {1988},
    journal = {Analysis},
    author = {Gracely, EJ},
    url = {http://analysis.oxfordjournals.org/content/48/3/113.1.short}
}

@article{Bricker1991,
    title = {{Plenitude of Possible Structures}},
    year = {1991},
    journal = {Journal of Philosophy},
    author = {Bricker, Phillip},
    number = {11},
    pages = {607--619},
    volume = {88},
    url = {http://www.pdcnet.org/oom/service?url_ver=Z39.88-2004&rft_val_fmt=&rft.imuse_id=jphil_1991_0088_0011_0607_0619&svc_id=info:www.pdcnet.org/collection},
    doi = {10.5840/jphil199188116}
}

@article{Field2009,
    title = {{Pluralism in logic}},
    year = {2009},
    journal = {The Review of Symbolic Logic},
    author = {Field, Hartry},
    number = {02},
    month = {6},
    pages = {342},
    volume = {2},
    url = {http://www.journals.cambridge.org/abstract_S1755020309090182},
    doi = {10.1017/S1755020309090182}
}

@book{Moore1997,
    title = {{Points of View}},
    year = {1997},
    author = {Moore, A. W.},
    publisher = {Clarendon Press},
    address = {Oxford}
}

@incollection{Brown2017,
    title = {{Politeness and Impoliteness}},
    year = {2017},
    booktitle = {The Oxford Handbook of Pragmatics},
    author = {Brown, Penelope},
    chapter = {20},
    publisher = {Oxford University Press},
    url = {http://oxfordhandbooks.com/view/10.1093/oxfordhb/9780199697960.001.0001/oxfordhb-9780199697960-e-16},
    isbn = {9780199697960},
    doi = {10.1093/oxfordhb/9780199697960.013.16},
    keywords = {conflict, conversation, conversation analysis, discourse, face, impoliteness, language use, politeness, politeness theory, pragmatics}
}

@article{Sinhababu2008,
    title = {{Possible Girls}},
    year = {2008},
    journal = {Pacific Philosophical Quarterly},
    author = {Sinhababu, Neil},
    number = {2},
    pages = {254--260},
    volume = {89},
    doi = {10.1111/j.1468-0114.2008.00319.x},
    issn = {02790750}
}

@misc{Yagisawa2014,
    title = {{Possible Objects}},
    year = {2014},
    booktitle = {The Stanford Encyclopedia of Philosophy},
    author = {Yagisawa, Takashi},
    edition = {Fall 2014},
    url = {http://plato.stanford.edu/archives/fall2014/entries/possible-objects/}
}

@misc{sep-possible-worlds,
    title = {{Possible Worlds}},
    year = {2016},
    booktitle = {The Stanford Encyclopedia of Philosophy},
    author = {Menzel, Christopher},
    editor = {Zalta, Edward N},
    edition = {Spring 201},
    howpublished = {{\textbackslash}url{\{}http://plato.stanford.edu/archives/spr2016/entries/possible-worlds/{\}}}
}

@book{Divers2002a,
    title = {{Possible Worlds}},
    year = {2002},
    author = {Divers, John},
    publisher = {Routledge}
}

@book{Girle2003,
    title = {{Possible Worlds}},
    year = {2003},
    author = {Girle, Rod},
    publisher = {Mcgill-Queen's University Press},
    url = {https://philpapers.org/rec/GIRPW-2}
}

@incollection{Divers2009,
    title = {{Possible worlds and possibilia}},
    year = {2009},
    booktitle = {The Routledge Companion to Metaphysics},
    author = {Divers, John},
    editor = {Le Poidevin, Robin},
    chapter = {32},
    pages = {335--345},
    publisher = {Routledge},
    url = {https://philpapers.org/rec/DIVPWA}
}

@article{Derosset2009,
    title = {{Possible Worlds I: Modal Realism}},
    year = {2009},
    journal = {Philosophy Compass},
    author = {Derosset, Louis},
    number = {6},
    pages = {998–1008},
    volume = {4},
    doi = {10.1111/j.1747-9991.2009.00249.x}
}

@article{Derosset2009a,
    title = {{Possible Worlds II: Non-reductive Theories of Possible Worlds}},
    year = {2009},
    journal = {Philosophy Compass},
    author = {Derosset, Louis},
    number = {6},
    pages = {1009–1021},
    volume = {4},
    doi = {10.1111/j.1747-9991.2009.00250.x}
}

@article{Divers2006,
    title = {{Possible-Worlds Semantics Without Possible Worlds: The Agnostic Approach}},
    year = {2006},
    journal = {Mind},
    author = {Divers, John},
    number = {458},
    month = {4},
    pages = {187--226},
    volume = {115},
    url = {https://academic.oup.com/mind/article-lookup/doi/10.1093/mind/fzl187},
    doi = {10.1093/mind/fzl187}
}

@article{Bird2006,
    title = {{Potency and Modality}},
    year = {2006},
    journal = {Synthese},
    author = {Bird, Alexander},
    number = {3},
    pages = {491--508},
    volume = {149},
    url = {http://www.jstor.org/stable/20118747}
}

@incollection{Misak2015,
    title = {{Pragmatism and the Function of Truth}},
    year = {2015},
    booktitle = {Meaning without Representation},
    author = {Misak, Cheryl},
    editor = {Gross, Steven; and Tebben, Nicholas ; and Williams, Michael},
    chapter = {12},
    pages = {262--278},
    publisher = {Oxford University Press}
}

@article{Milgrom1982,
    title = {{Predation, reputation, and entry deterrence}},
    year = {1982},
    journal = {Journal of economic theory},
    author = {Milgrom, P and Roberts, J},
    url = {http://www.sciencedirect.com/science/article/pii/002205318290031X}
}

@article{Milgrom1982b,
    title = {{Predation, reputation, and entry deterrence}},
    year = {1982},
    journal = {Journal of economic theory},
    author = {Milgrom, P and Roberts, J},
    url = {http://www.sciencedirect.com/science/article/pii/002205318290031X}
}

@article{Frances2016,
    title = {{Presentism: Foreigner-Friendly or Xenophobic?}},
    year = {2016},
    journal = {Australasian Journal of Philosophy},
    author = {Frances, Bryan},
    number = {3},
    month = {7},
    pages = {479--488},
    volume = {94},
    url = {http://www.tandfonline.com/doi/full/10.1080/00048402.2015.1094098},
    doi = {10.1080/00048402.2015.1094098}
}

@article{Yagisawa2002,
    title = {{Primitive worlds}},
    year = {2002},
    journal = {Acta Analytica},
    author = {Yagisawa, Takashi},
    number = {1},
    month = {3},
    pages = {19--37},
    volume = {17},
    url = {http://link.springer.com/10.1007/BF03177505},
    doi = {10.1007/BF03177505}
}

@article{McMichael1983,
    title = {{Problem for Actualism About Possible Worlds}},
    year = {1983},
    journal = {The Philosophical Review},
    author = {McMichael, Alan},
    number = {1},
    pages = {49--66},
    volume = {92},
    url = {http://www.jstor.org/stable/2184521}
}

@incollection{Jubien1988,
    title = {{Problems with Possible Worlds}},
    year = {1988},
    booktitle = {Philosophical Analysis},
    author = {Jubien, Michael},
    pages = {299--322},
    publisher = {Springer Netherlands},
    url = {http://www.springerlink.com/index/10.1007/978-94-009-2909-8_18},
    address = {Dordrecht},
    doi = {10.1007/978-94-009-2909-8{\_}18}
}

@article{Fara2008,
    title = {{Profiling interest relativity}},
    year = {2008},
    journal = {Analysis},
    author = {Fara, DG},
    url = {http://onlinelibrary.wiley.com/doi/10.1111/j.1467-8284.2008.00761.x/full}
}

@article{Belnap2011,
    title = {{Prolegomenon to norms in branching space–times}},
    year = {2011},
    journal = {Journal of Applied Logic},
    author = {Belnap, Nuel},
    number = {2},
    month = {6},
    pages = {83--94},
    volume = {9},
    url = {http://www.sciencedirect.com/science/article/pii/S1570868311000152},
    doi = {10.1016/j.jal.2009.09.006},
    issn = {15708683},
    keywords = {Agency, Agents, Branching space–times, Causae causantes, Choice, Indeterminism, Norms}
}

@incollection{Rooij2012,
    title = {{Promise and Threat with Conditionals and Disjunctions}},
    year = {2012},
    booktitle = {Discourse and Grammar: From Sentence Types to Lexical Categories},
    author = {Rooij, R van and Franke, M},
    editor = {{Grewendorf G{\"{u}}nther} and {Zimmermann Thomas Ede}},
    pages = {69--88},
    publisher = {De Gruyter Mouton},
    url = {http://books.google.nl/books?hl=en&lr=&id=SroMz7KdiOgC&oi=fnd&pg=PA69&ots=8Zdv9zlLoF&sig=h6QNBz0IWPJyD8EsJoP0I4VoQGI},
    address = {Berlin, Boston},
    isbn = {978-1-61451-160-1},
    doi = {10.1515/9781614511601.69}
}

@article{Schelling1989,
    title = {{Promises}},
    year = {1989},
    journal = {Negotiation Journal},
    author = {Schelling, TC},
    url = {http://onlinelibrary.wiley.com/doi/10.1111/j.1571-9979.1989.tb00504.x/abstract}
}

@article{Ellingsen2004,
    title = {{Promises, Threats and Fairness*}},
    year = {2004},
    journal = {The Economic Journal},
    author = {Ellingsen, Tore and Johannesson, Magnus},
    number = {495},
    month = {4},
    pages = {397--420},
    volume = {114},
    url = {http://doi.wiley.com/10.1111/j.1468-0297.2004.00214.x},
    doi = {10.1111/j.1468-0297.2004.00214.x},
    issn = {0013-0133}
}

@inproceedings{gupt97,
    title = {{Pull-in Time Dynamics as a Measure of Absolute Pressure}},
    year = {1997},
    booktitle = {Proc. {\{}IEEE{\}} Int. Workshop on Microelectromechanical Systems ({\{}MEMS{\}}'97)},
    author = {Gupta, R K and Senturia, S D},
    month = {1},
    pages = {290--294},
    address = {Nagoya, Japan}
}

@article{Boyd1992,
    title = {{Punishment allows the evolution of cooperation (or anything else) in sizable groups}},
    year = {1992},
    journal = {Ethology and sociobiology},
    author = {Boyd, R and Richerson, PJ},
    url = {http://www.sciencedirect.com/science/article/pii/016230959290032Y}
}

@article{Copeland1983,
    title = {{Pure semantics and applied semantics}},
    year = {1983},
    journal = {Topoi},
    author = {Copeland, B. J.},
    number = {2},
    month = {12},
    pages = {197--204},
    volume = {2},
    url = {http://link.springer.com/10.1007/BF00142493},
    doi = {10.1007/BF00142493}
}

@article{Cohn2001,
    title = {{Qualitative Spatial Representation and Reasoning}},
    year = {2001},
    journal = {An Overview”, Fundamenta Informaticae},
    author = {Cohn, Anthony G and Renz, Jochen},
    pages = {1--2},
    volume = {46},
    url = {http://citeseerx.ist.psu.edu/viewdoc/summary?doi=10.1.1.64.8726}
}

@incollection{Garson1984,
    title = {{Quantification in Modal Logic}},
    year = {1984},
    booktitle = {Handbook of Philosophical Logic},
    author = {Garson, James W.},
    pages = {249--307},
    publisher = {Springer Netherlands},
    url = {http://www.springerlink.com/index/10.1007/978-94-009-6259-0_5},
    address = {Dordrecht},
    doi = {10.1007/978-94-009-6259-0{\_}5}
}

@book{Hirsch2011,
    title = {{Quantifier Variance and Realism: Essays in Metaontology}},
    year = {2011},
    author = {Hirsch, Eli},
    publisher = {Oxford University Press},
    isbn = {9780199732111}
}

@phdthesis{lodh74,
    title = {{Quantitative interpretation of ariborne electromagnetic response for a spherical model}},
    year = {1974},
    author = {Lodha, Gunter Sergei},
    school = {University of Toronto},
    address = {Canada}
}

@article{Krause2018,
    title = {{Quantum mechanics, ontology, and non-reflexive logics}},
    year = {2018},
    author = {Krause, Decio},
    url = {http://arxiv.org/abs/1802.03805},
    arxivId = {1802.03805},
    keywords = {dividuals, non-in-, non-reflexive logics, non-reflexive quantum mechanics, quantum ontology, quasi-set theory}
}

@book{Harman2011,
    title = {{Quentin Meillassoux : Philosophy in the Making}},
    year = {2011},
    author = {Harman, Graham},
    pages = {240},
    publisher = {Edinburgh University Press},
    isbn = {0748640800}
}

@book{Gilboa2010,
    title = {{Rational Choice}},
    year = {2010},
    author = {Gilboa, Itzhak},
    publisher = {MIT Press},
    keywords = {decision making}
}

@book{Binmore2009,
    title = {{Rational Decisions}},
    year = {2009},
    author = {Binmore, Ken},
    publisher = {Princeton University Press}
}

@book{Searle,
    title = {{Rationality in Action}},
    author = {Searle, John R.},
    publisher = {MIT Press},
    url = {http://books.google.com/books?id=7GnfkbarMHsC&pgis=1},
    isbn = {0262250616}
}

@article{Bennett1996,
    title = {{Rationality, emotion and preference change Drama-theoretic models of choice}},
    year = {1996},
    journal = {European Journal of Operational Research},
    author = {Bennett, P and Howard, N},
    url = {http://www.sciencedirect.com/science/article/pii/0377221795001417}
}

@book{Lycan2001,
    title = {{Real Conditional}},
    year = {2001},
    author = {Lycan, William G.},
    publisher = {Oxford University Press Uk}
}

@misc{Goldstick1981,
    title = {{Realism About Possible Worlds}},
    year = {1981},
    author = {Goldstick, D.},
    url = {https://philpapers.org/rec/GOLRAP}
}

@article{Field1988,
    title = {{Realism, Mathematics and Modality}},
    year = {1988},
    journal = {Philosophical Topics},
    author = {Field, Hartry},
    number = {1},
    pages = {57--107},
    volume = {16},
    url = {http://www.pdcnet.org/oom/service?url_ver=Z39.88-2004&rft_val_fmt=&rft.imuse_id=philtopics_1988_0016_0001_0057_0107&svc_id=info:www.pdcnet.org/collection},
    doi = {10.5840/philtopics19881613}
}

@article{Parfit1984,
    title = {{Reasons and persons}},
    year = {1984},
    author = {Parfit, D},
    url = {https://books.google.co.jp/books?hl=ja&lr=&id=ulhHdvbDRUkC&oi=fnd&pg=PA1&dq=reasons+and+persons&ots=lUEbusODoI&sig=RpCdrJi6tgMO6MpVTApGvhWiDe4}
}

@article{Clark2012,
    title = {{Recent work on grounding}},
    year = {2012},
    journal = {Analysis},
    author = {Clark, M. J. and Liggins, D.},
    number = {4},
    month = {8},
    pages = {812--823},
    volume = {72},
    url = {http://analysis.oxfordjournals.org/content/early/2012/08/09/analys.ans086.abstract},
    doi = {10.1093/analys/ans086},
    issn = {0003-2638}
}

@misc{Vetter2011,
    title = {{Recent work: Modality without possible worlds}},
    year = {2011},
    booktitle = {Analysis},
    author = {Vetter, Barbara},
    pages = {71},
    publisher = {742-754},
    address = {4},
    doi = {10.1093/analys/anr077}
}

@incollection{Sider2003,
    title = {{Reductive theories of modality}},
    year = {2003},
    booktitle = {The Oxford Handbook of Metaphysics},
    author = {Sider, Theodore},
    editor = {{Michael J. Loux} and {Dean W. Zimmerman}},
    pages = {180--208},
    url = {https://philpapers.org/rec/SIDRTO}
}

@article{Selten1975,
    title = {{Reexamination of the perfectness concept for equilibrium points in extensive games}},
    year = {1975},
    journal = {International journal of game theory},
    author = {Selten, R},
    url = {http://www.springerlink.com/index/xxjl3g1373462856.pdf}
}

@article{Asheim2006,
    title = {{Regional versus global cooperation for climate control}},
    year = {2006},
    journal = {Journal of Environmental  {\ldots}},
    author = {Asheim, GB and Froyn, CB and Hovi, J and Menz, FC},
    url = {http://www.sciencedirect.com/science/article/pii/S0095069605000598}
}

@article{Poidevin1990,
    title = {{Relationism and temporal topology: Physics or metaphysics?}},
    year = {1990},
    journal = {The Philosophical Quarterly (1950-)},
    author = {Poidevin, R Le},
    url = {http://www.jstor.org/stable/2220108}
}

@article{Kreps1982,
    title = {{Reputation and imperfect information}},
    year = {1982},
    journal = {Journal of economic theory},
    author = {Kreps, DM and Wilson, R},
    url = {http://www.sciencedirect.com/science/article/pii/0022053182900308}
}

@misc{Fathulla2011,
    title = {{Rethinking our understanding of diagrams}},
    year = {2011},
    booktitle = {Semiotica},
    author = {Fathulla, Kamaran},
    pages = {123--137},
    volume = {2011},
    doi = {10.1515/semi.2011.025},
    issn = {00371998},
    keywords = {Main SySpM, Mapping (M), Redundant Sp, Spatial (Sp), Symbolic (Sy)}
}

@article{Fine1975b,
    title = {{Review of lewis' counterfactuals}},
    year = {1975},
    journal = {Mind},
    author = {Fine, K},
    url = {https://scholar.google.nl/scholar?q=kit+fine+1975+review+counterfactual&btnG=&hl=en&as_sdt=0%2C5#0}
}

@article{Fischer2014,
    title = {{Salvaging Serviceability in Metaphysics}},
    year = {2014},
    journal = {Southwest Philosophy Review},
    author = {Fischer, Robert William and Gilbertson, Eric},
    number = {1},
    pages = {105--115},
    volume = {30},
    url = {http://www.pdcnet.org/oom/service?url_ver=Z39.88-2004&rft_val_fmt=&rft.imuse_id=swphilreview_2014_0030_0001_0105_0115&svc_id=info:www.pdcnet.org/collection},
    doi = {10.5840/swphilreview201430110}
}

@book{Kerdiles2001,
    title = {{Saying it with Pictures: a logical landscape of conceptual graphs}},
    year = {2001},
    author = {Kerdiles, GN},
    url = {http://dare.uva.nl/document/446316}
}

@book{Field2016,
    title = {{Science without numbers : a defense of nominalism}},
    year = {2016},
    author = {Field, Hartry H.},
    edition = {2},
    pages = {176},
    publisher = {Oxford University Press},
    isbn = {9780198777922}
}

@incollection{bake72,
    title = {{Seismic {\{}V{\}}elocity {\{}A{\}}nisotropy {\{}C{\}}alculated for {\{}U{\}}ltramafic {\{}M{\}}inerals and {\{}A{\}}ggregates}},
    year = {1972},
    booktitle = {Flow and {\{}F{\}}racture of {\{}R{\}}ocks},
    author = {Baker, D W and Carter, N L},
    editor = {Heard, H C and Borg, I V and Carter, N L and Raleigh, C B},
    pages = {157--166},
    series = {Geophys. Mono.},
    volume = {16},
    publisher = {Am. Geophys. Union}
}

@article{Kripke1963,
    title = {{Semantical Considerations on Modal Logic}},
    year = {1963},
    journal = {Acta Philosophica Fennica },
    author = {Kripke, Saul A.},
    pages = {83--94},
    volume = {16},
    url = {https://philpapers.org/rec/KRISCO}
}

@article{Matoso2017,
    title = {{Separation and its Language in Plato}},
    year = {2017},
    journal = {Filosofia Unisinos},
    author = {Matoso, Renato},
    number = {3},
    pages = {184--188},
    volume = {18},
    url = {http://revistas.unisinos.br/index.php/filosofia/article/view/15137},
    doi = {10.4013/fsu.2017.183.09},
    issn = {1984-8234},
    keywords = {ontology, plato, separation}
}

@article{Graff2000,
    title = {{Shifting Sands: An Interest-relative Theory of Vagueness}},
    year = {2000},
    journal = {Philosophical topics},
    author = {Graff, D},
    url = {http://www.jstor.org/stable/43154331}
}

@book{Pietarinen2006,
    title = {{Signs of logic}},
    year = {2006},
    author = {Pietarinen, AV},
    url = {http://link.springer.com/content/pdf/10.1007/1-4020-3770-8.pdf}
}

@book{Hammond1998,
    title = {{Smart Choices: A Practical Guide to Making Better Decisions}},
    year = {1998},
    author = {Hammond, J. S. and Keeney, R. and Raiffa, H.},
    publisher = {Harvard Buisiness School Press},
    keywords = {decision making}
}

@article{Hymers1991,
    title = {{Something less than paradise: The magic of modal realism}},
    year = {1991},
    journal = {Australasian Journal of Philosophy},
    author = {Hymers, Michael},
    number = {3},
    month = {9},
    pages = {251--263},
    volume = {69},
    url = {http://www.tandfonline.com/doi/abs/10.1080/00048409112344731},
    doi = {10.1080/00048409112344731}
}

@article{Priest1991-PRISAI,
    title = {{Sorites and Identity}},
    year = {1991},
    journal = {Logique Et Analyse},
    author = {Priest, G},
    number = {1},
    pages = {293--296},
    volume = {34}
}

@incollection{sep-sorites-paradox,
    title = {{Sorites Paradox}},
    year = {2018},
    booktitle = {The Stanford Encyclopedia of Philosophy},
    author = {Hyde, Dominic and Raffman, Diana},
    editor = {Zalta, Edward N},
    edition = {Summer 201},
    publisher = {Metaphysics Research Lab, Stanford University},
    url = {https://plato.stanford.edu/archives/sum2018/entries/sorites-paradox/}
}

@article{Gruszczynski2009,
    title = {{Space, Points and Mereology: On Foundations of Point-free Euclidean Geometry}},
    year = {2009},
    journal = {Logic and Logical Philosophy},
    author = {Gruszczy{\'{n}}ski, Rafał and Pietruszczak, Andrzej},
    pages = {145--188},
    volume = {18},
    doi = {10.12775/LLP.2009.009},
    keywords = {foundations of geometry, geometry of solids, mereology, point-free geometry, point-free topology, pointless geometry, points, space}
}

@book{Anger1994-ANGSAT,
    title = {{Spatial and Temporal Reasoning}},
    year = {1994},
    author = {Anger, F D and Rodriguez, R V},
    publisher = {Aaai}
}

@article{Burgess2008,
    title = {{Spatial cognition and the brain}},
    year = {2008},
    journal = {Annals of the New York Academy of Sciences},
    author = {Burgess, N},
    url = {http://onlinelibrary.wiley.com/doi/10.1196/annals.1440.002/full}
}

@book{ONuallain2000,
    title = {{Spatial Cognition: Foundations and Applications}},
    year = {2000},
    editor = {{\'{O}} Nuall{\'{a}}in, Seán},
    publisher = {John Benjamins Publishing Company},
    address = {Amsterdam / Philadelphia},
    isbn = {90 272 5146 0/ 1 55619 842 6}
}

@incollection{Varzi2007,
    title = {{Spatial Reasoning and Ontology: Parts, Wholes, and Locations}},
    year = {2007},
    booktitle = {Handbook of Spatial Logics},
    author = {Varzi, C. Achille},
    editor = {"Aiello, Marco and and Pratt-Hartmann, Ian and and Van Benthem, Johan},
    chapter = {15},
    pages = {945--1038},
    publisher = {Springer Netherlands},
    url = {http://dx.doi.org/10.1007/978-1-4020-5587-4_15},
    address = {Dordrecht},
    isbn = {978-1-4020-5587-4},
    doi = {10.1007/978-1-4020-5587-4{\_}15}
}

@phdthesis{Aiello2002,
    title = {{Spatial Reasoning: Theory and Practice}},
    year = {2002},
    author = {Aiello, M},
    url = {http://dare.uva.nl/document/33054}
}

@incollection{Pigden2012,
    title = {{Spread Worlds, Plenitude and Modal Realism: A Problem for David Lewis}},
    year = {2012},
    booktitle = {Rationis Defensor},
    author = {Pigden, Charles and Entwisle, Rebecca E. B.},
    editor = {{James Maclaurin}},
    url = {https://philpapers.org/rec/PIGSWP-2}
}

@book{Blackburn1984,
    title = {{Spreading the Word}},
    year = {1984},
    author = {Blackburn, Simon},
    publisher = {Clarendon Press},
    url = {http://www.jstor.org/stable/2185336?origin=crossref},
    doi = {10.2307/2185336}
}

@article{Zalta2015a,
    title = {{Stanford Encyclopedia of Philosophy Epistemic Foundations of Game Theory}},
    year = {2015},
    author = {Zalta, Edward N and Nodelman, Uri and Allen, Colin and Lanier Anderson, R},
    url = {https://plato.stanford.edu/board.html},
    issn = {1095-5054}
}

@book{Johnstone1982,
    title = {{Stone Spaces}},
    year = {1982},
    author = {Johnstone, Peter T.},
    isbn = {0521238935}
}

@article{Diffenbach1987,
    title = {{Strategic credibility can make a difference}},
    year = {1987},
    journal = {Business Horizons},
    author = {Diffenbach, John and Higgins, Richard B.},
    number = {3},
    month = {5},
    pages = {13--18},
    volume = {30},
    url = {http://www.sciencedirect.com/science/article/pii/0007681387900310},
    doi = {10.1016/0007-6813(87)90031-0},
    issn = {00076813}
}

@book{Hamkins2015,
    title = {{Structural connections between a forcing class and its modal logic}},
    year = {2015},
    booktitle = {Israel Journal of Mathematics},
    author = {Hamkins, Joel David and Leibman, George and L{\"{o}}we, Benedikt},
    number = {2},
    pages = {617--651},
    volume = {207},
    isbn = {1185601511},
    doi = {10.1007/s11856-015-1185-5},
    issn = {15658511},
    arxivId = {arXiv:1207.5841v1}
}

@article{Emerson1995,
    title = {{Temporal and modal logic}},
    year = {1995},
    journal = {Handbook of Theoretical Computer Science},
    author = {Emerson, Ernest Allen},
    editor = {Leeuwen, Jan van},
    pages = {995--1072},
    publisher = {MIT Press},
    isbn = {0262720205},
    doi = {10.1145/181911.181920},
    issn = {0444 8807}
}

@incollection{Sider2007,
    title = {{Temporal Parts}},
    year = {2007},
    booktitle = {Contemporary Debates in Metaphysics},
    author = {Sider, Theodore},
    editor = {Sider, Theodore and Hawthorne, John and Zimmerman, Dean W.},
    pages = {241--262},
    publisher = {Blackwell Pub.}
}

@article{Goeree2001,
    title = {{Ten little treasures of game theory and ten intuitive contradictions}},
    year = {2001},
    journal = {American Economic Review},
    author = {Goeree, JK and Holt, CA},
    url = {http://www.jstor.org/stable/2677931}
}

@article{Noonan2014,
    title = {{The Adequacy of Genuine Modal Realism}},
    year = {2014},
    journal = {Mind},
    author = {Noonan, H. W.},
    number = {491},
    month = {7},
    pages = {851--860},
    volume = {123},
    url = {https://academic.oup.com/mind/article-lookup/doi/10.1093/mind/fzu086},
    doi = {10.1093/mind/fzu086}
}

@article{Divers2013,
    title = {{The Analysis of Possibility and the Extent of Possibility}},
    year = {2013},
    journal = {Dialectica},
    author = {Divers, John},
    number = {2},
    month = {6},
    pages = {183--200},
    volume = {67},
    url = {http://doi.wiley.com/10.1111/1746-8361.12017},
    doi = {10.1111/1746-8361.12017}
}

@article{Divers2002,
    title = {{The Analytic Limit of Genuine Modal Realism}},
    year = {2002},
    journal = {Mind},
    author = {Divers, John and Melia, Joseph},
    number = {441},
    month = {1},
    pages = {15--36},
    volume = {111},
    url = {https://academic.oup.com/mind/article-lookup/doi/10.1093/mind/111.441.15},
    doi = {10.1093/mind/111.441.15}
}

@article{Berenstain2017,
    title = {{The applicability of mathematics to physical modality}},
    year = {2017},
    journal = {Synthese},
    author = {Berenstain, Nora},
    number = {9},
    month = {9},
    pages = {3361--3377},
    volume = {194},
    url = {http://link.springer.com/10.1007/s11229-016-1067-3},
    doi = {10.1007/s11229-016-1067-3}
}

@book{Sciffer2013,
    title = {{The Archaeology of Science: Studying the Creation of Useful Knowledge}},
    year = {2013},
    author = {Sciffer, Michael Brian},
    publisher = {Springer International Publishing},
    address = {Heidelberg, New York, Dordrecht, London},
    isbn = {9783319000763},
    doi = {10.1007/978-3-319-00077-0}
}

@article{Lundquist2009,
    title = {{The aversion to lying}},
    year = {2009},
    journal = {Journal of Economic  {\ldots}},
    author = {Lundquist, T and Ellingsen, T},
    url = {http://www.sciencedirect.com/science/article/pii/S0167268109000523}
}

@book{Goble2001,
    title = {{The Blackwell Guide to Philosophical Logic}},
    year = {2001},
    editor = {Goble, Lou},
    publisher = {Blackwell Publishers}
}

@article{Pruss2001,
    title = {{The Cardinality Objection to David Lewis's Modal Realism}},
    year = {2001},
    journal = {Philosophical Studies},
    author = {Pruss, Alexander R},
    number = {2},
    pages = {169--178},
    volume = {104},
    url = {http://www.jstor.org/stable/4321156}
}

@book{Locke1975,
    title = {{The Clarendon Edition of the Works of John Locke: An Essay Concerning Human Understanding}},
    year = {1975},
    author = {Locke, John},
    editor = {Nidditch, Peter H.},
    month = {5},
    publisher = {Oxford University Press},
    url = {http://www.oxfordscholarlyeditions.com/view/10.1093/actrade/9780198243861.book.1/actrade-9780198243861-book-1},
    isbn = {9780198243861},
    doi = {10.1093/actrade/9780198243861.book.1}
}

@book{Stevens1990,
    title = {{The Collected Poems of Wallace Stevens}},
    year = {1990},
    author = {Stevens, Wallace},
    address = {New York}
}

@article{McGrath1998ThePlatonism,
    title = {{The concrete modal realist challenge to platonism}},
    year = {1998},
    journal = {Australasian Journal of Philosophy},
    author = {McGrath, Matthew},
    number = {4},
    pages = {587--610},
    volume = {76},
    url = {http://www.tandfonline.com/doi/abs/10.1080/00048409812348691},
    doi = {10.1080/00048409812348691}
}

@article{Ross1989,
    title = {{The Crash of Modal Metaphysics}},
    year = {1989},
    journal = {The Review of Metaphysics},
    author = {Ross, James F},
    number = {2},
    pages = {251--279},
    volume = {43},
    url = {http://www.jstor.org/stable/20128869}
}

@article{Ross1989TheMetaphysics,
    title = {{The Crash of Modal Metaphysics}},
    year = {1989},
    journal = {The Review of Metaphysics},
    author = {Ross, James F},
    number = {2},
    pages = {251--279},
    volume = {43},
    url = {http://www.jstor.org/stable/20128869}
}

@book{Hollis1987,
    title = {{The Cunning of Reason}},
    year = {1987},
    author = {Hollis, Martin},
    pages = {222},
    publisher = {Cambridge University Press},
    url = {http://books.google.com/books?id=21Ggwdf8bXsC&pgis=1},
    isbn = {0521270391}
}

@article{Horty1995,
    title = {{The deliberative stit: A study of action, omission, ability, and obligation}},
    year = {1995},
    journal = {Journal of philosophical logic},
    author = {Horty, JF and Belnap, N},
    url = {http://www.springerlink.com/index/L078446065282703.pdf}
}

@article{Battista2007,
    title = {{The development of geometric and spatial thinking}},
    year = {2007},
    journal = {Second handbook of research on mathematics  {\ldots}},
    author = {Battista, MT},
    url = {https://scholar.google.com/scholar?q=thinking+with+diagrams&btnG=&hl=en&as_sdt=0%2C5#12}
}

@book{VanFraassen2002,
    title = {{The Empirical Stance}},
    year = {2002},
    author = {van Fraassen, Bas},
    publisher = { Yale University Press }
}

@article{Haldeman1978,
    title = {{The ends of power}},
    year = {1978},
    author = {Haldeman, HR and DiMona, J},
    url = {https://scholar.google.com/scholar?oi=gsb95&q=haldeman and DiMona 1978&lookup=0&hl=en#0}
}

@article{Sider2002,
    title = {{The Ersatz Pluriverse}},
    year = {2002},
    journal = { The Journal of Philosophy},
    author = {Sider, Theodore},
    number = {6},
    pages = {279--315},
    volume = {99},
    url = {http://www.jstor.org/stable/3655585}
}

@article{Sider2002ThePluriverse,
    title = {{The Ersatz Pluriverse}},
    year = {2002},
    journal = {The Journal of Philosophy},
    author = {Sider, Theodore},
    number = {6},
    pages = {279--315},
    volume = {99},
    url = {http://www.jstor.org/stable/3655585}
}

@misc{Andreansky2009,
    title = {{The Fortunes of Modal Realism}},
    year = {2009},
    author = {Andreansky, Eugen},
    url = {https://philpapers.org/rec/ANDTFO-8 https://www.researchgate.net/publication/290599176_The_Fortunes_of_Modal_Realism}
}

@book{Savage1954,
    title = {{The Foundations of Statistics}},
    year = {1954},
    author = {Savage, LJ},
    publisher = {Wiley Publications in Statistics},
    url = {http://philpapers.org/rec/SAVTFO-2}
}

@article{Lowe2006,
    title = {{The Four-Category Ontology: A Metaphysical Foundation for Natural Science}},
    year = {2006},
    journal = {The Four-Category Ontology: A Metaphysical Foundation for Natural Science},
    author = {Lowe, E. J.},
    pages = {1--240},
    isbn = {9780191603600},
    doi = {10.1093/0199254397.001.0001},
    issn = {0004-8402},
    keywords = {Categories, Causation, Dispositions, Laws, Metaphysics, Necessity, Ontology, Realism, Truth, Universals}
}

@book{Gardenfors2014,
    title = {{The Geometry of Meaning: Semantics Based on Conceptual Spaces}},
    year = {2014},
    author = {G{\"{a}}rdenfors, Peter},
    pages = {356},
    publisher = {The MIT Press},
    isbn = {9780262026789}
}

@article{Mints2012,
    title = {{The G{\"{o}}del-Tarski translations of intuitionistic propositional formulas}},
    year = {2012},
    journal = {Lecture Notes in Computer Science (including subseries Lecture Notes in Artificial Intelligence and Lecture Notes in Bioinformatics)},
    author = {Mints, Grigori},
    pages = {487--491},
    volume = {7265},
    isbn = {9783642307423},
    doi = {10.1007/978-3-642-30743-0{\_}33},
    issn = {03029743},
    keywords = {G{\"{o}}del-Tarski translation, intuitionistic logic, modal logic}
}

@article{Cameron2010,
    title = {{The Grounds of Necessity}},
    year = {2010},
    journal = {Philosophy Compass},
    author = {Cameron, Ross P.},
    number = {4},
    month = {4},
    pages = {348–358},
    volume = {5},
    url = {http://doi.wiley.com/10.1111/j.1747-9991.2010.00296.x},
    doi = {10.1111/j.1747-9991.2010.00296.x}
}

@article{Harrison1999,
    title = {{The Impossibility of ‘Possible’ Worlds}},
    year = {1999},
    journal = {Philosophy},
    author = {Harrison, Jonathan},
    number = {1},
    month = {1},
    pages = {S0031819199001023},
    volume = {74},
    url = {http://www.journals.cambridge.org/abstract_S0031819199001023},
    doi = {10.1017/S0031819199001023}
}

@article{Baldwin2002,
    title = {{The Inaugural Address: Kantian Modality}},
    year = {2002},
    journal = {Proceedings of the Aristotelian Society},
    author = {Baldwin, Tom},
    pages = {1--24},
    volume = {76},
    url = {http://www.jstor.org/stable/4106963}
}

@article{Chisholm1977,
    title = {{The intent to deceive}},
    year = {1977},
    journal = {The journal of Philosophy},
    author = {Chisholm, RM and Feehan, TD},
    url = {http://www.jstor.org/stable/2025605}
}

@book{Wilson1989,
    title = {{The intentionality of human action}},
    year = {1989},
    author = {Wilson, GM},
    url = {http://books.google.com/books?hl=en&lr=&id=4Z-aAAAAIAAJ&oi=fnd&pg=PA1&dq=Wilson,+George,+1989.+The+Intentionality+of+Human+Action,+Stanford:+Stanford+University+Press.&ots=rhg4JY4_Ep&sig=qjcTdKKbl9e0nXoqK8WyadfPhno}
}

@book{Lockwood2005-LOCTLO,
    title = {{The Labyrinth of Time: Introducing the Universe}},
    year = {2005},
    author = {Lockwood, Michael},
    publisher = {Oxford University Press}
}

@article{Roberts2008,
    title = {{The law-governed universe}},
    year = {2008},
    author = {Roberts, JT},
    url = {https://scholar.google.nl/scholar?start=100&hl=en&as_sdt=2005&sciodt=0,5&cites=4919450876767103553&scipsc=#3}
}

@article{Cowling2011,
    title = {{The Limits of Modality}},
    year = {2011},
    journal = {The Philosophical Quarterly},
    author = {Cowling, Sam},
    number = {244},
    volume = {61},
    doi = {10.im/j.1467-9213.2011.694.x}
}

@article{Cowling2011TheModality,
    title = {{The Limits of Modality}},
    year = {2011},
    journal = {The Philosophical Quarterly},
    author = {Cowling, Sam},
    number = {244},
    volume = {61},
    doi = {10.im/j.1467-9213.2011.694.x}
}

@incollection{Roy2014,
    title = {{The Logic of Best Actions from a Deontic Perspective}},
    year = {2014},
    booktitle = {Outstanding Contributions to Logic volume 5},
    author = {Roy, O and Anglberger, AJJ and Gratzl, N},
    editor = {{Baltag A.} and {Smets S}},
    edition = {Springer},
    pages = {657--676},
    url = {http://link.springer.com/chapter/10.1007/978-3-319-06025-5_24},
    address = {Berlin}
}

@unpublished{Pinosio,
    title = {{The Logic of Time and the Continuum in Kant's Critical Philosophy}},
    author = {Pinosio, Riccardo and van Lambalgen, Michiel}
}

@book{Dummett1991_LogicalBasisOfMetaphysics,
    title = {{The Logical Basis of Metaphysics}},
    year = {1991},
    booktitle = {Harvard University Press},
    author = {Dummett, Michael},
    publisher = {Harvard University Press},
    address = {Cambridge, Massachusetts},
    isbn = {0-674-53785-8},
    doi = {10.1016/0191-6599(95)90527-8},
    pmid = {1224288}
}

@article{Corsi1997,
    title = {{The Logical Status of Diagrams}},
    year = {1997},
    journal = {Brit. J. Phil. Sci},
    author = {Corsi, Giovanna},
    pages = {290--291},
    volume = {48},
    doi = {10.1111/j.1468-0149.1996.tb02520.x},
    issn = {0038-4283}
}

@book{SchifferMichaelBrianMiller1999,
    title = {{The Material Life of Human Beings: Artifacts, Behavior, and Communication xiv + 158 pp., 1 table, glossary, references, index. {\$}65 (cloth), ISBN ; {\$}19.99 (pa}},
    year = {1999},
    author = {Schiffer, Michael Brian Miller, Andrea R.},
    publisher = {Routledge},
    url = {https://www.cambridge.org/core/product/identifier/S0002731600043134/type/journal_article},
    address = {London},
    isbn = {0-415-20032-6}
}

@book{SchifferMichaelBrianMiller1999Thepa,
    title = {{The Material Life of Human Beings: Artifacts, Behavior, and Communication xiv + 158 pp., 1 table, glossary, references, index. {\$}65 (cloth), ISBN ; {\$}19.99 (pa}},
    year = {1999},
    author = {Schiffer Michael Brian Miller, Andrea R},
    publisher = {Routledge},
    url = {https://www.cambridge.org/core/product/identifier/S0002731600043134/type/journal_article},
    address = {London},
    isbn = {0-415-20032-6}
}

@article{Putnam1975,
    title = {{The meaning of 'meaning'}},
    year = {1975},
    journal = {Minnesota Studies in the Philosophy of Science },
    author = {Putnam, Hilary},
    pages = {131--193},
    volume = {7},
    url = {https://philpapers.org/rec/PUTTMO}
}

@book{Rush2014,
    title = {{The Metaphysics of Logic}},
    year = {2014},
    editor = {Rush, Penelope},
    publisher = {Cambridge University Press},
    isbn = {9781139626279},
    doi = {10.1017/CBO9781139626279},
    issn = {00318108}
}

@misc{Nef1997,
    title = {{The metaphysics of modal realism in recent American philosophy: Regression or potentialities?}},
    year = {1997},
    author = {Nef, F.},
    url = {https://philpapers.org/rec/NEFTMO}
}

@book{Forbes1985,
    title = {{The Metaphysics of Modality.}},
    year = {1985},
    author = {Forbes, Graeme},
    pages = {365},
    publisher = {Clarendon Press},
    url = {https://academic.oup.com/pq/article-lookup/doi/10.2307/2220135},
    doi = {10.2307/2220135}
}

@article{Daly2008,
    title = {{The methodology of genuine modal realism}},
    year = {2008},
    journal = {Synthese},
    author = {Daly, Chris John},
    number = {1},
    month = {5},
    pages = {37--52},
    volume = {162},
    url = {http://link.springer.com/10.1007/s11229-007-9176-7},
    doi = {10.1007/s11229-007-9176-7}
}

@article{Bezhanishvili2010,
    title = {{The modal logic of Stone spaces: diamond as derivative}},
    year = {2010},
    journal = {The Review of Symbolic Logic},
    author = {Bezhanishvili, Guram and Esakia, Leo and Gabelaia, David},
    isbn = {1755020309990},
    doi = {10.1017/S1755020309990335},
    issn = {1755-0203}
}

@article{Divers2014,
    title = {{The Modal Status of the Lewisian Analysis of Modality}},
    year = {2014},
    journal = {Mind},
    author = {Divers, John},
    number = {491},
    month = {7},
    pages = {861--872},
    volume = {123},
    url = {https://academic.oup.com/mind/article-lookup/doi/10.1093/mind/fzu088},
    doi = {10.1093/mind/fzu088}
}

@book{Plantinga1974,
    title = {{The Nature of Necessity}},
    year = {1974},
    author = {Plantinga, Alvin},
    publisher = {Clarendon Press},
    url = {http://www.oxfordscholarship.com/view/10.1093/0198244142.001.0001/acprof-9780198244141},
    isbn = {9780198244141},
    doi = {10.1093/0198244142.001.0001}
}

@book{Stevens1960,
    title = {{The Necessary Angel: Essays on Reality and the Imagination}},
    year = {1960},
    author = {Stevens, Wallace},
    edition = {1},
    publisher = {Alfred A Knopf, Inc.},
    address = {New York},
    doi = {10.1111/j.1467-8705.1960.tb00863.x},
    issn = {14678705}
}

@book{Stevens1960TheImagination,
    title = {{The Necessary Angel: Essays on Reality and the Imagination}},
    year = {1960},
    author = {Stevens, Wallace},
    edition = {1},
    publisher = {Alfred A Knopf, Inc.},
    address = {New York},
    doi = {10.1111/j.1467-8705.1960.tb00863.x},
    issn = {14678705}
}

@article{Shalkowski1994,
    title = {{The Ontological Ground of the Alethic Modality}},
    year = {1994},
    journal = {The Philosophical Review},
    author = {Shalkowski, Scott A},
    number = {4},
    volume = {103}
}

@article{Hovi2003a,
    title = {{The Oslo-Potsdam solution to measuring regime effectiveness: Critique, response, and the road ahead}},
    year = {2003},
    journal = {Global Environmental Politics},
    author = {Hovi, J and Sprinz, DF and Underdal, A},
    url = {http://www.mitpressjournals.org/doi/abs/10.1162/152638003322469286}
}

@book{Reiter2017,
    title = {{The Palgrave Handbook of Linguistic (Im)politeness}},
    year = {2017},
    author = {Reiter, Rosina Márquez and Bou-franch, Patricia},
    isbn = {978-1-137-37507-0},
    doi = {10.1057/978-1-137-37508-7}
}

@article{Ballarin2011_rev_Yagisawa,
    title = {{The Perils of Primitivism - Takashi Yagisawa's Worlds and Individuals, Possible and Otherwise}},
    year = {2011},
    journal = {Analytic Philosophy},
    author = {Ballarin, Roberta},
    number = {4},
    pages = {273--282},
    volume = {52},
    url = {http://doi.wiley.com/10.1111/j.2153-960X.2011.00535.x},
    doi = {10.1111/j.2153-960X.2011.00535.x},
    issn = {21539596}
}

@article{Hovi2003,
    title = {{The persistence of the Kyoto Protocol: why other Annex I countries move on without the United States}},
    year = {2003},
    journal = {Global environmental politics},
    author = {Hovi, J and Skodvin, T and Andresen, S},
    url = {http://www.mitpressjournals.org/doi/abs/10.1162/152638003322757907}
}

@book{Lowe1998,
    title = {{The Possibility of Metaphysics}},
    year = {1998},
    author = {Lowe, Edward Jonathan},
    publisher = {Clarendon Press},
    address = {Oxford}
}

@article{Warren2005,
    title = {{The problem behavior model: the development of a stalkers clinic and a threateners clinic}},
    year = {2005},
    journal = {Behavioral sciences {\&}  {\ldots}},
    author = {Warren, LJ and MacKenzie, R},
    url = {http://onlinelibrary.wiley.com/doi/10.1002/bsl.593/abstract}
}

@article{Schlesinger1964,
    title = {{The problem of evil and the problem of suffering}},
    year = {1964},
    journal = {American Philosophical Quarterly},
    author = {Schlesinger, G},
    url = {http://www.jstor.org/stable/20009139}
}

@phdthesis{Simpson1994,
    title = {{The Proof Theory and Semantics of Intuitionistic Modal Logic}},
    year = {1994},
    author = {Simpson, Alex K.},
    number = {November},
    school = {University of Edinburgh}
}

@book{Sousa1990,
    title = {{The rationality of emotion}},
    year = {1990},
    author = {Sousa, R De},
    url = {https://books.google.com/books?hl=en&lr=&id=ohoT1CDor9AC&oi=fnd&pg=PR11&dq=rationality+of+emotion&ots=JHlHjEvuKN&sig=XXjjlnNat8YkzDVmJL6HSDaBJXM}
}

@article{Lowe2011,
    title = {{The rationality of metaphysics}},
    year = {2011},
    journal = {Synthese},
    author = {Lowe, E J},
    number = {1},
    pages = {99--109},
    volume = {178},
    url = {http://www.jstor.org/stable/41477261}
}

@book{VanFraassen1980,
    title = {{The Scientific Image}},
    year = {1980},
    author = {van Fraassen, Bas C.},
    publisher = {Oxford University Press},
    url = {http://www.jstor.org/stable/2184804?origin=crossref},
    doi = {10.2307/2184804}
}

@book{VanDalen2011,
    title = {{The Selected Correspondence of L.E.J. Brouwer}},
    year = {2011},
    author = {van Dalen, Dirk},
    publisher = {Springer},
    isbn = {978-0-85729-527-9},
    doi = {10.1007/978-0-85729-537-8}
}

@article{Tarski1944,
    title = {{The Semantic Conception of Truth: and the Foundations of Semantics}},
    year = {1944},
    journal = {Philosophy and Phenomenological Research},
    author = {Tarski, Alfred},
    number = {3},
    pages = {341},
    volume = {4},
    url = {http://www.jstor.org/stable/2102968?origin=crossref},
    isbn = {0252000935},
    doi = {10.2307/2102968},
    issn = {00318205}
}

@article{Hintikka1970,
    title = {{The semantics of modal notions and the indeterminacy of ontology}},
    year = {1970},
    journal = {Synthese},
    author = {Hintikka, Jaakko},
    number = {3/4},
    pages = {408- 424},
    volume = {21},
    isbn = {0039-7857},
    doi = {10.1007/BF00484808}
}

@article{McColley1936,
    title = {{The seventeenth-century doctrine of a plurality of worlds}},
    year = {1936},
    journal = {Annals of Science},
    author = {McColley, Grant},
    number = {4},
    month = {10},
    pages = {385--430},
    volume = {1},
    url = {http://www.tandfonline.com/doi/abs/10.1080/00033793600200301},
    doi = {10.1080/00033793600200301}
}

@book{Rousseau1997,
    title = {{The Social Contract and Other Later Political Writings}},
    year = {1997},
    author = {Rousseau, Jean-Jacques},
    publisher = {Cambridge University Press},
    address = {Cambridge}
}

@incollection{Hyde2011-HYDTSP,
    title = {{The Sorites Paradox}},
    year = {2011},
    booktitle = {Vagueness: A Guide},
    author = {Hyde, Dominic},
    editor = {Ronzitti, Giuseppina},
    pages = {1--17},
    publisher = {Springer Verlag}
}

@article{Hale2002,
    title = {{The Source Of Necessity}},
    year = {2002},
    journal = {Nous},
    author = {Hale, Bob},
    number = {s16},
    month = {10},
    pages = {299--319},
    volume = {36},
    url = {http://doi.wiley.com/10.1111/1468-0068.36.s16.11},
    doi = {10.1111/1468-0068.36.s16.11}
}

@article{Schelling1980,
    title = {{The strategy of conflict}},
    year = {1980},
    author = {Schelling, TC},
    url = {http://books.google.nl/books?hl=nl&lr=&id=7RkL4Z8Yg5AC&oi=fnd&pg=PA3&dq=strategy+of+conflict&ots=41rR1c_Qgf&sig=s7wbyWqzYNIfcw_umuPttmrqjJo}
}

@incollection{dani73,
    title = {{The term `phoneme'}},
    year = {1973},
    booktitle = {Phonetics in Linguistics: A Book of Reading},
    author = {Jones, Daniel},
    editor = {Jones, W E and Laver, J},
    pages = {187--204},
    publisher = {Longman},
    address = {London}
}

@article{Ellsberg1975a,
    title = {{The Theory and Practice of Blackmail: Formal Theories of Negotiation}},
    year = {1975},
    journal = {Urbana: University of Illinois Press},
    author = {Ellsberg, D},
    url = {https://scholar.google.com/scholar?q=Ellsberg%2C+1975#7}
}

@article{Lowe1995,
    title = {{The Truth About Counterfactuals}},
    year = {1995},
    journal = {The Philosophical Quarterly},
    author = {Lowe, E. Jonathan},
    number = {178},
    pages = {41--59},
    volume = {45}
}

@article{Cowling2014,
    title = {{The Way of Actuality}},
    year = {2014},
    journal = {Australasian Journal of Philosophy},
    author = {Cowling, Sam},
    number = {2},
    month = {4},
    pages = {231--247},
    volume = {92},
    url = {http://www.tandfonline.com/doi/abs/10.1080/00048402.2013.815239},
    doi = {10.1080/00048402.2013.815239}
}

@article{Berto2014,
    title = {{The world is either digital or analogue}},
    year = {2014},
    journal = {Synthese},
    author = {Berto, Francesco and Tagliabue, Jacopo},
    number = {3},
    volume = {191},
    doi = {10.1007/s11229-013-0285-1},
    issn = {15730964}
}

@article{Richards1975,
    title = {{The worlds of David Lewis}},
    year = {1975},
    journal = {Australasian Journal of Philosophy},
    author = {Richards, Tom},
    number = {2},
    month = {8},
    pages = {105--118},
    volume = {53},
    publisher = {Taylor {\&} Francis Group},
    url = {http://www.tandfonline.com/doi/abs/10.1080/00048407512341121},
    doi = {10.1080/00048407512341121}
}

@book{Chihara2001,
    title = {{The Worlds of Possibility : Modal Realism and the Semantics of Modal Logic}},
    year = {2001},
    author = {Chihara, Charles S.},
    publisher = {Oxford University Press},
    url = {http://www.oxfordscholarship.com/view/10.1093/acprof:oso/9780199246557.001.0001/acprof-9780199246557},
    isbn = {9780199246557},
    doi = {10.1093/acprof:oso/9780199246557.001.0001}
}

@book{Chihara1998,
    title = {{The Worlds of Possibility: Modal Realism and the Semantics of Modal Logic}},
    year = {1998},
    booktitle = {Oxford University Press},
    author = {Chihara, Charles},
    url = {http://www.jstor.org/stable/3071080?origin=crossref},
    doi = {10.2307/3071080}
}

@article{10.10072F978-1-4020-5587-4_1b,
    title = {{10.1007{\%}2F978-1-4020-5587-4{\_}1}}
}

@incollection{Haraway1991ACentury,
    title = {{A Cyborg Manifesto: Science, Technology, and Socialist-feminism in the Late Twentieth Century}},
    year = {1991},
    booktitle = {Simians, Cyborgs and WomenL The Reinvention of Nature},
    author = {Haraway, Donna},
    pages = {149--181},
    isbn = {0415903866},
    doi = {10.1007/s10529-009-0120-4},
    issn = {15736776},
    pmid = {19731043},
    arxivId = {arXiv:1011.1669v3}
}

@book{1993ALogic,
    title = {{A Philosophical Companion to First-order Logic}},
    year = {1993},
    pages = {309},
    publisher = {Hackett Publishing},
    url = {http://books.google.com/books?id=gk1Tp_7cgiEC&pgis=1},
    isbn = {0872201813}
}

@article{Russell2010APhilosophy,
    title = {{A Review of Timothy Williamson's 'The Philosophy of Philosophy'}},
    year = {2010},
    journal = {Philosophical Books},
    author = {Russell, Gillian K},
    number = {1},
    pages = {39--52},
    volume = {51},
    url = {http://lib-ezproxy.tamu.edu:2048/login?url=http://search.ebscohost.com/login.aspx?direct=true&db=phl&AN=PHL2156250&site=ehost-live},
    doi = {10.1111/j.1468-0149.2010.00500.x},
    issn = {0031-8051}
}

@book{HandbookLogic,
    title = {{Handbook of Modal Logic}},
    editor = {Blackburn, Patrick and van Benthem, Johan and Wolter, Frank},
    publisher = {Elsevier},
    isbn = {9780444516909}
}

@article{Majority,
    title = {{majority}}
}

@misc{RealConditionals,
    title = {{Real Conditionals}},
    url = {http://brian.weatherson.org/Lycan.htm},
    keywords = {Lycan, William G.}
}

@book{Haraway1991SimiansNature.,
    title = {{Simians, Cyborgs, and Women: The Reinvention of Nature.}},
    year = {1991},
    author = {Haraway, Donna J.},
    publisher = {Routledge},
    url = {http://www.jstor.org/stable/2076334?origin=crossref},
    isbn = {9780415903875},
    doi = {10.2307/2076334},
    issn = {00943061},
    pmid = {4833166}
}

@misc{Terrance2014,
    title = {{Terrance Hayes {\&} David Lehman-The Best American Poetry 2014-Scribner (2014)}}
}

@book{Williamson2007ThePhilosophy,
    title = {{The Philosophy of Philosophy}},
    year = {2007},
    author = {Williamson, Timothy},
    publisher = {Blackwell Publishing},
    isbn = {978-1-4051-3397-5}
}
@book{Keefe2000,
    title = {{Theories of Vagueness}},
    year = {2000},
    author = {Keefe, R},
    publisher = {Cambridge University Press}
}

@article{Ellsberg1975,
    title = {{Theory andPractice of Blackmail}},
    year = {1975},
    journal = {P-3883 (Santa Monica, Calif.: RAND, 1968)  {\ldots}},
    author = {Ellsberg, D},
    url = {https://scholar.google.com/scholar?q=Ellsberg%2C+1975#8}
}

@article{Bennett2016a,
    title = {{There is no special problem with metaphysics}},
    year = {2016},
    journal = {Philosophical Studies},
    author = {Bennett, Karen},
    number = {1},
    volume = {173},
    doi = {10.1007/s11098-014-0439-0},
    issn = {15730883}
}

@article{Miller1990,
    title = {{There is Nothing Magical about Possible Worlds}},
    year = {1990},
    journal = {Mind},
    author = {Miller, Richard B.},
    number = {395},
    pages = {453--457},
    volume = {99},
    doi = {10.1093/mind/XCIX.395.453},
    issn = {00264423}
}

@article{Critchley2005,
    title = {{Things merely are: Philosophy in the poetry of Wallace Stevens}},
    year = {2005},
    journal = {Things Merely Are: Philosophy in the Poetry of Wallace Stevens},
    author = {Critchley, Simon},
    pages = {1--137},
    isbn = {0203002636},
    doi = {10.4324/9780203002636},
    issn = {1086-329X}
}

@article{Critchley2005ThingsStevens,
    title = {{Things merely are: Philosophy in the poetry of Wallace Stevens}},
    year = {2005},
    journal = {Things Merely Are: Philosophy in the Poetry of Wallace Stevens},
    author = {Critchley, Simon},
    pages = {1--137},
    isbn = {0203002636},
    doi = {10.4324/9780203002636},
    issn = {1086-329X}
}

@article{Vile1998,
    title = {{Thinking of or thinking through diagrams? The case of conceptual graphs}},
    year = {1998},
    journal = {Thinking with Diagrams Conference,  {\ldots}},
    author = {Vile, A and Polovina, S},
    url = {http://homepages.gold.ac.uk/polovina/publications/TwD98paper.PDF}
}

@article{Vile1998ThinkingGraphs,
    title = {{Thinking of or thinking through diagrams? The case of conceptual graphs}},
    year = {1998},
    journal = {Thinking with Diagrams Conference, {\ldots}},
    author = {Vile, A and Polovina, S},
    url = {http://homepages.gold.ac.uk/polovina/publications/TwD98paper.PDF}
}

@article{Dixit1991a,
    title = {{Thinking Strategically, the Competitive Edge in Bussiness, Politics and everyday Life}},
    year = {1991},
    author = {Dixit, A and Nalebuff, B},
    url = {https://scholar.google.com/scholar?q=Dixit+and+Nalebuff%2C+1991#4}
}

@article{Patel2003,
    title = {{Thinking with Diagrams}},
    year = {2003},
    author = {Patel, S},
    url = {http://jasss.soc.surrey.ac.uk/6/4/reviews/patel.html}
}

@book{Crawford1991,
    title = {{Thomas Schelling and the analysis of strategic behavior}},
    year = {1991},
    author = {Crawford, VP},
    url = {http://books.google.com/books?hl=en&lr=&id=YsapejLQstkC&oi=fnd&pg=PA265&dq=Crawford+1991+schelling&ots=XfLwt_KKdA&sig=ZPKnLsYWWHb7rkOCR43NVUGEMtU}
}

@article{Dixit2006,
    title = {{Thomas Schelling's Contributions to Game Theory}},
    year = {2006},
    journal = {Scandinavian Journal of Economics},
    author = {Dixit, Avinash},
    number = {2},
    month = {7},
    pages = {213--229},
    volume = {108},
    url = {http://doi.wiley.com/10.1111/j.1467-9442.2006.00447.x},
    doi = {10.1111/j.1467-9442.2006.00447.x},
    issn = {0347-0520}
}

@article{Shavell2002,
    title = {{Threats without binding commitment}},
    year = {2002},
    journal = {Topics in Economic Analysis {\&} Policy},
    author = {Shavell, S and Spier, KE},
    url = {http://www.degruyter.com/view/j/bejeap.2002.2.issue-1/bejeap.2002.2.1.1024/bejeap.2002.2.1.1024.xml}
}

@incollection{Hawthorne2008,
    title = {{Three-dimensionalism vs. four-dimensionalism}},
    year = {2008},
    booktitle = {Contemporary Debates in Metaphysics},
    author = {Hawthorne, John},
    editor = {Sider, Theodore and Hawthorne, John and Zimmerman, Dean W.},
    pages = {263--282},
    publisher = {Blackwell Publishing}
}

@book{Blair2010,
    title = {{Too Much to Know :Managing Scholarly Information before the Modern Age}},
    year = {2010},
    author = {Blair, Ann M.},
    pages = {416},
    publisher = {Yale University Press},
    url = {http://books.google.com/books?id=uEQJtGFtbKsC&pgis=1},
    address = {New Haven},
    isbn = {9780300112511},
    pmid = {16305328}
}

@book{Nolan2011,
    title = {{Topics in the Philosophy of Possible Worlds}},
    year = {2011},
    author = {Nolan, Daniel},
    publisher = {Routledge},
    url = {https://philpapers.org/rec/NOLTIT-3}
}

@article{Nerode2002,
    title = {{Topological semantics for Intuitionistic modal logics, and spatial discretisation by A/D maps}},
    year = {2002},
    author = {Nerode, A},
    number = {April},
    pages = {1--18}
}

@book{Munkres2000,
    title = {{Topology}},
    year = {2000},
    author = {Munkres, James R.},
    edition = {2},
    pages = {537},
    publisher = {Prentice Hall, Inc}
}

@book{Janich1984,
    title = {{Topology}},
    year = {1984},
    author = {J{\"{a}}nich, Klaus},
    editor = {{Translated by} and Levy, S.},
    edition = {1},
    pages = {IX, 193},
    publisher = {Springer-Verlag New York},
    address = {New York},
    isbn = {978-1-4612-7018-8}
}

@book{Vickers1989_TopologyViaLogic,
    title = {{Topology via Logic}},
    year = {1989},
    author = {Vickers, Steven},
    publisher = {Cambridge University Press},
    isbn = {0521360625}
}

@book{Hauser2009,
    title = {{Topology-Based Methods in Visualization}},
    year = {2009},
    editor = {Hauser, Helwig and Hagen, Hans and Theisel, Holger},
    url = {http://link.springer.com/10.1007/978-3-540-88606-8},
    isbn = {978-3-540-88605-1},
    doi = {10.1007/978-3-540-88606-8},
    issn = {1612-3786},
    pmid = {14794076}
}

@article{Sizer2000,
    title = {{Towads a Computational Theory of Mood}},
    year = {2000},
    journal = {British Journal for the Philosophy of Science},
    author = {Sizer, Laura},
    pages = {743--769},
    volume = {51},
    doi = {10.1093/bjps/51.4.743}
}

@article{Stroud1968,
    title = {{Transcendental Arguments}},
    year = {1968},
    journal = {The Jornal of Philosophy},
    author = {Stroud, Barry},
    number = {9},
    pages = {241--256},
    volume = {65},
    url = {http://www.jstor.org/stable/2024395?seq=1#page_scan_tab_contents}
}

@incollection{Stern2015,
    title = {{Transcendental Arguments}},
    year = {2015},
    booktitle = {The Stanford Encyclopedia of Philosophy},
    author = {Stern, Robert},
    editor = {Zalta, Edward N.},
    edition = {Summer 201}
}

@article{Voorhoeve2006-VOOTTS,
    title = {{Transitivity, the Sorites Paradox, and Similarity-Based Decision-Making}},
    year = {2006},
    journal = {Erkenntnis},
    author = {Voorhoeve, Alex and Binmore, Ken},
    number = {1},
    pages = {101--114},
    volume = {64},
    publisher = {Springer}
}

@article{jame02,
    title = {{Triality, exceptional {\{}L{\}}ie algebras and {\{}D{\}}eligne dimension formulas}},
    year = {2002},
    journal = {Adv. Math.},
    author = {Landsberg, James. M and Manivel, L},
    number = {1},
    pages = {59--85},
    volume = {171},
    issn = {0001-8708}
}

@book{Pedersen2013,
    title = {{Truth and Pluralism: Current Debates}},
    year = {2013},
    editor = {Pedersen, Nikolaj J L L and Wright, Cory D.},
    pages = {353},
    publisher = {Oxford University Press},
    isbn = {9780199332427},
    doi = {10.1093/acprof:oso/9780195387469.001.0001},
    keywords = {Alethic functionalism, Alethic monism, Alethic pluralism, Correspondence theory, Crispin Wright, Deflationism, Inflationism, Michael Lynch, Paradoxes}
}

@book{Horwich2010,
    title = {{Truth-Meaning-Reality}},
    year = {2010},
    author = {Horwich, Paul},
    publisher = {Oxford University Press},
    isbn = {9780199268917}
}

@article{MacBride2013a,
    title = {{Truthmakers}},
    year = {2013},
    author = {MacBride, Fraser},
    url = {http://philpapers.org/rec/MACT-6}
}

@article{Griffith2013,
    title = {{Truthmaking and Grounding}},
    year = {2013},
    journal = {Inquiry},
    author = {Griffith, Aaron M.},
    number = {2},
    month = {12},
    pages = {196--215},
    volume = {57},
    publisher = {Routledge},
    url = {http://www.tandfonline.com/doi/abs/10.1080/0020174X.2013.855655},
    doi = {10.1080/0020174X.2013.855655},
    issn = {0020-174X},
    language = {en}
}

@incollection{Bricker2015,
    title = {{Truthmaking: With and Without Counterpart Theory}},
    year = {2015},
    booktitle = {The Blackwell Companion to David Lewis},
    author = {Bricker, Phillip},
    editor = {{Barry Loewer.} and {Jonathan Schaffer}},
    publisher = {Blackwell },
    url = {https://philpapers.org/rec/BRITWA}
}

@article{Purchase2014,
    title = {{Twelve years of diagrams research}},
    year = {2014},
    journal = {Journal of Visual Languages and Computing},
    author = {Purchase, Helen C.},
    pages = {57--75},
    volume = {25},
    doi = {10.1016/j.jvlc.2013.11.004},
    issn = {1045926X},
    keywords = {Diagrams classifications, Diagrams research, Interdisciplinary research, Literature survey}
}

@incollection{Pratt-Hartmann2013,
    title = {{Twenty Years of Topological Logic}},
    year = {2013},
    booktitle = {Cognitive and Linguistic Aspects of Geographic Space},
    author = {Pratt-Hartmann, Ian},
    pages = {217--235},
    url = {http://dx.doi.org/10.1007/978-3-642-34359-9_12},
    isbn = {978-3-642-34358-2},
    doi = {10.1007/978-3-642-34359-9{\_}12},
    keywords = {Artificial Intelligence, Qualitative spatial reasoning, Spatial logic}
}

@article{Hall2004,
    title = {{Two concepts of causation}},
    year = {2004},
    journal = {Causation and counterfactuals},
    author = {Hall, N},
    url = {http://fitelson.org/269/Hall_TCOC.pdf}
}

@article{Hall2004TwoCausation,
    title = {{Two concepts of causation}},
    year = {2004},
    journal = {Causation and counterfactuals},
    author = {Hall, N},
    url = {http://fitelson.org/269/Hall_TCOC.pdf}
}

@article{Plantinga1987,
    title = {{Two Concepts of Modality: Modal Realism and Modal Reductionism}},
    year = {1987},
    journal = {Philosophical Perspectives},
    author = {Plantinga, Alvin},
    pages = {189},
    volume = {1},
    url = {http://www.jstor.org/stable/2214146?origin=crossref},
    doi = {10.2307/2214146},
    issn = {15208583}
}

@article{Lycan1986,
    title = {{Two Concepts of Reduction}},
    year = {1986},
    journal = {Journal of Philosophy},
    author = {Lycan, William G.},
    number = {11},
    pages = {693--694},
    volume = {83},
    url = {http://www.pdcnet.org/oom/service?url_ver=Z39.88-2004&rft_val_fmt=&rft.imuse_id=jphil_1986_0083_0011_0693_0694&svc_id=info:www.pdcnet.org/collection},
    doi = {10.5840/jphil1986831121}
}

@article{Gibbard1980,
    title = {{Two recent theories of conditionals}},
    year = {1980},
    journal = {Ifs},
    author = {Gibbard, A},
    url = {http://link.springer.com/chapter/10.1007/978-94-009-9117-0_10}
}

@article{Beller2005,
    title = {{Understanding conditional promises and threats}},
    year = {2005},
    journal = {Thinking {\&} Reasoning},
    author = {Beller, Sieghard and Bender, Andrea and Kuhnm{\"{u}}nch, Gregory},
    number = {3},
    month = {8},
    pages = {209--238},
    volume = {11},
    publisher = {Taylor {\&} Francis Ltd},
    url = {http://www.tandfonline.com/doi/abs/10.1080/13546780442000141},
    isbn = {Thinking {\&} Reasoning, Vol. 11, No. 3, August 2005, pp. 209–238},
    doi = {10.1080/13546780442000141},
    issn = {1354-6783},
    language = {en}
}

@book{Akiba2013,
    title = {{Vague objects and vague identity}},
    year = {2013},
    author = {Akiba, K and Abasnezhad, A},
    url = {http://link.springer.com/content/pdf/10.1007/978-94-007-7978-5.pdf}
}

@book{Williamson1994,
    title = {{Vagueness}},
    year = {1994},
    author = {Williamson, T},
    publisher = {Routledge}
}

@book{Graff2002Vagueness,
    title = {{Vagueness}},
    year = {2002},
    author = {Graff, D and Williamson, T},
    publisher = {Ashgate},
    url = {http://philpapers.org/rec/GRAV-2}
}

@article{Douven2013-DOUVAC,
    title = {{Vagueness: A Conceptual Spaces Approach}},
    year = {2013},
    journal = {Journal of Philosophical Logic},
    author = {Douven, Igor and Decock, Lieven and Dietz, Richard and {\'{E}}gr{\'{e}}, Paul},
    number = {1},
    pages = {137--160},
    volume = {42}
}

@book{Keefe1997,
    title = {{Vagueness: A reader}},
    year = {1997},
    author = {Keefe, R and Smith, P},
    publisher = {The MIT Press}
}

@incollection{Barwise1991,
    title = {{Visual information and valid reasoning}},
    year = {1991},
    booktitle = {Visualization in Teaching and Learning Mathematics},
    author = {Barwise, Jon and Etchemendy, John},
    pages = {9--24},
    url = {http://dl.acm.org/citation.cfm?id=115667},
    isbn = {0883850710}
}

@article{Elias1999,
    title = {{Visual temporal asymmetries are related to asymmetries in linguistic perception}},
    year = {1999},
    journal = {Neuropsychologia},
    author = {Elias, Lorin J. and Bulman-Fleming, M. B. and McManus, I. C.},
    number = {11},
    pages = {1243--1249},
    volume = {37}
}

@unpublished{hear94,
    title = {{VoQS: Voice Quality Symbols}},
    year = {1994},
    author = {Heard, H C and Borg, I V and Carter, N L and Raleigh, C B}
}

@book{Stalnaker2003,
    title = {{Ways a World Might Be: Metaphysical and Anti-metaphysical Essays}},
    year = {2003},
    author = {Stalnaker, Robert},
    publisher = {Clarendon Press},
    isbn = {0199251487}
}

@inproceedings{DeLeeuw2008,
    title = {{What diagrams reveal about representations in linear reasoning, and how they help}},
    year = {2008},
    booktitle = {Lecture Notes in Computer Science (including subseries Lecture Notes in Artificial Intelligence and Lecture Notes in Bioinformatics)},
    author = {DeLeeuw, Krista E. and Hegarty, Mary},
    pages = {89--102},
    volume = {5223 LNAI},
    isbn = {3540877290},
    doi = {10.1007/978-3-540-87730-1{\_}11},
    issn = {03029743},
    keywords = {Cognitive ability, Diagrams, Individual differences, Mental representations, Reasoning}
}

@article{Bourget2014,
    title = {{What do philosophers believe?}},
    year = {2014},
    journal = {Philosophical Studies},
    author = {Bourget, David and Chalmers, David J.},
    number = {3},
    volume = {170},
    doi = {10.1007/s11098-013-0259-7},
    issn = {15730883}
}

@article{MacFarlane2000,
    title = {{What does it mean to say that logic is formal?}},
    year = {2000},
    author = {MacFarlane, JG},
    url = {http://citeseerx.ist.psu.edu/viewdoc/download?doi=10.1.1.384.1658&rep=rep1&type=pdf}
}

@article{Schaffer2015,
    title = {{What not to Multiply Without Necessity}},
    year = {2015},
    journal = {Australasian Journal of Philosophy},
    author = {Schaffer, Jonathan},
    number = {4},
    volume = {93},
    doi = {10.1080/00048402.2014.992447},
    issn = {0004-8402}
}

@book{Mays1977,
    title = {{Whiteheadʹs philosophy of science and metaphysics}},
    year = {1977},
    author = {Mays, Wolfe},
    pages = {144},
    publisher = {Mirtinus Nijhoff},
    address = {The Hague}
}

@article{Bueno2014,
    title = {{Why identity is fundamental}},
    year = {2014},
    journal = {American Philosophical Quarterly},
    author = {Bueno, Otávio},
    number = {4},
    pages = {325--332},
    volume = {51},
    issn = {00030481}
}

@article{Cameron2012,
    title = {{Why Lewis's analysis of modality succeeds in its reductive ambitions}},
    year = {2012},
    journal = {Philosophers' Imprint },
    author = {Cameron, Ross P.},
    number = {8},
    volume = {12},
    url = {https://philpapers.org/rec/CAMWLA}
}

@article{Jackson2011,
    title = {{Worlds and Individuals , Possible and Otherwise}},
    year = {2011},
    journal = {Australasian Journal of Philosophy},
    author = {Jackson, Brendan Balcerak},
    doi = {10.1080/00048402.2011.613943}
}

@book{Yagisawa2010,
    title = {{Worlds and Individuals: Possible and Otherwise}},
    year = {2010},
    author = {Yagisawa, Takashi},
    pages = {336},
    publisher = {Oxford University Press},
    address = {Oxford},
    isbn = {9780199576890}
}

@article{Roy1993,
    title = {{Worlds and Modality}},
    year = {1993},
    journal = {The Philosophical Review},
    author = {Roy, Tony},
    number = {3},
    pages = {335--361},
    volume = {102},
    url = {http://www.jstor.org/stable/2185901}
}

@phdthesis{Bricker1983,
    title = {{Worlds and Propositions: The Structure and Ontology of Logical Space}},
    year = {1983},
    author = {Bricker, Phillip},
    url = {https://philpapers.org/rec/BRIWAP},
    school = {Princeton University}
}

@book{Sider2011,
    title = {{Writing the Book of the World}},
    year = {2011},
    author = {Sider, Theodore},
    publisher = {Oxford University Press}
}

@book{ams04,
    title = {{{\textbackslash}AmS-{\textbackslash}LaTeX{\{}{\}} Version 2 User's Guide}},
    year = {2004},
    author = {{{\textbackslash}AmS}},
    publisher = {American Mathematical Society},
    address = {Providence}
}

@book{lamp94,
    title = {{{\textbackslash}LaTeX, A Document Preparation System}},
    year = {1994},
    author = {Lamport, L},
    edition = {2nd},
    publisher = {Addison-Wesley},
    address = {Reading, MA}
}

@article{best03,
    title = {{{\{}{\$}R{\$}{\}}-matrices and the magic square}},
    year = {2003},
    journal = {J. Phys. A},
    author = {Bestbury, Bruce W},
    number = {7},
    pages = {1947--1959},
    volume = {36},
    issn = {0305-4470}
}

@techreport{bria84,
    title = {{{\{}PIC{\}}---{\{}A{\}} Graphics Language for Typesetting}},
    year = {1984},
    author = {Kernighan, Brian W},
    number = {116},
    institution = {AT{\&}T Bell Laboratories},
    address = {Murray Hill, New Jersey}
}

@book{2003a,
    title = {{ゲーム理論と蒟蒻問答}},
    year = {2003},
    author = {{金子守}},
    pages = {350},
    publisher = {日本評論社},
    url = {http://books.google.com/books?id=qMUpAAAACAAJ&pgis=1},
    isbn = {4535552886}
}

@article{Fine1975VaguenessLogic,
    title = {{Vagueness, Truth and Logic}},
    year = {1975},
    journal = {Synthese},
    author = {Fine, Kit},
    pages = {265--300},
    volume = {30}
}